<?xml version="1.0" encoding="UTF-8"?>
<!DOCTYPE html PUBLIC "-//W3C//DTD XHTML 1.0 Transitional//EN"
    "http://www.w3.org/TR/xhtml1/DTD/xhtml1-transitional.dtd">
<html xmlns="http://www.w3.org/1999/xhtml" xml:lang="en" lang="en">
 <head>
  <title>
</title>
<meta http-equiv="Content-Type" content="text/html;charset=utf-8" />
  <meta name='ocr-system' content='tesseract 3.04.00' />
  <meta name='ocr-capabilities' content='ocr_page ocr_carea ocr_par ocr_line ocrx_word'/>
</head>
<body>
  <div class='ocr_page' id='page_1' title='image "./4630628_0035.png"; bbox 0 0 1852 3211; ppageno 0'>
   <div class='ocr_carea' id='block_1_1' title="bbox 0 3188 1852 3211">
    <p class='ocr_par' dir='ltr' id='par_1_1' title="bbox 0 3188 1852 3211">
     <span class='ocr_line' id='line_1_1' title="bbox 0 3188 1852 3211; baseline 0 0"><span class='ocrx_word' id='word_1_1' title='bbox 0 3188 1852 3211; x_wconf 95' lang='lat' dir='ltr'><strong> </strong></span> 
     </span>
    </p>
   </div>
   <div class='ocr_carea' id='block_1_2' title="bbox 1503 152 1563 195">
    <p class='ocr_par' dir='ltr' id='par_1_2' title="bbox 1503 152 1563 195">
     <span class='ocr_line' id='line_1_2' title="bbox 1503 152 1563 195; baseline 0.033 -2"><span class='ocrx_word' id='word_1_2' title='bbox 1503 152 1563 195; x_wconf 71' lang='lat'><strong>29</strong></span> 
     </span>
    </p>
   </div>
   <div class='ocr_carea' id='block_1_3' title="bbox 210 265 1636 415">
    <p class='ocr_par' dir='ltr' id='par_1_3' title="bbox 210 265 1636 415">
     <span class='ocr_line' id='line_1_3' title="bbox 210 265 1636 309; baseline -0.001 -9"><span class='ocrx_word' id='word_1_3' title='bbox 210 267 354 307; x_wconf 79' lang='lat' dir='ltr'><strong>(mare):</strong></span> <span class='ocrx_word' id='word_1_4' title='bbox 396 267 499 300; x_wconf 77' lang='lat' dir='ltr'><strong>credo</strong></span> <span class='ocrx_word' id='word_1_5' title='bbox 542 266 633 309; x_wconf 82' lang='lat' dir='ltr'><strong>quod</strong></span> <span class='ocrx_word' id='word_1_6' title='bbox 674 267 832 299; x_wconf 76' lang='lat' dir='ltr'><strong>rariores</strong></span> <span class='ocrx_word' id='word_1_7' title='bbox 854 273 856 275; x_wconf 87' lang='lat'>·</span> <span class='ocrx_word' id='word_1_8' title='bbox 875 269 979 298; x_wconf 74' lang='lat' dir='ltr'><strong>terroe</strong></span> <span class='ocrx_word' id='word_1_9' title='bbox 1014 269 1227 308; x_wconf 69' lang='lat' dir='ltr'><strong>montesque,</strong></span> <span class='ocrx_word' id='word_1_10' title='bbox 1265 274 1374 299; x_wconf 80' lang='lat' dir='ltr'><strong>causa</strong></span> <span class='ocrx_word' id='word_1_11' title='bbox 1409 274 1453 298; x_wconf 85' lang='lat' dir='ltr'><strong>ac</strong></span> <span class='ocrx_word' id='word_1_12' title='bbox 1486 265 1636 298; x_wconf 77' lang='lat' dir='ltr'><strong>materia</strong></span> 
     </span>
     <span class='ocr_line' id='line_1_4' title="bbox 210 315 1636 366; baseline -0.001 -11"><span class='ocrx_word' id='word_1_13' title='bbox 210 325 463 365; x_wconf 63' lang='lat' dir='ltr'><strong>tempestatum.</strong></span> <span class='ocrx_word' id='word_1_14' title='bbox 529 320 696 354; x_wconf 74' lang='lat' dir='ltr'><strong>ventosus</strong></span> <span class='ocrx_word' id='word_1_15' title='bbox 732 316 849 365; x_wconf 79' lang='lat' dir='ltr'>igitur</span> <span class='ocrx_word' id='word_1_16' title='bbox 878 315 913 354; x_wconf 93' lang='lat' dir='ltr'><strong>h.</strong></span> <span class='ocrx_word' id='word_1_17' title='bbox 945 316 968 353; x_wconf 92' lang='lat' dir='ltr'><strong>l.</strong></span> <span class='ocrx_word' id='word_1_18' title='bbox 1006 316 1181 365; x_wconf 75' lang='lat' dir='ltr'>designat</span> <span class='ocrx_word' id='word_1_19' title='bbox 1211 321 1248 353; x_wconf 85' lang='lat' dir='ltr'>et</span> <span class='ocrx_word' id='word_1_20' title='bbox 1276 321 1461 353; x_wconf 74' lang='lat' dir='ltr'><strong>siccitatem</strong></span> <span class='ocrx_word' id='word_1_21' title='bbox 1490 321 1528 353; x_wconf 88' lang='lat' dir='ltr'>et</span> <span class='ocrx_word' id='word_1_22' title='bbox 1556 315 1636 366; x_wconf 76' lang='lat' dir='ltr'><strong>ejus</strong></span> 
     </span>
     <span class='ocr_line' id='line_1_5' title="bbox 211 376 780 415; baseline -0.004 -5"><span class='ocrx_word' id='word_1_23' title='bbox 211 385 380 415; x_wconf 76' lang='lat' dir='ltr'><strong>causam,</strong></span> <span class='ocrx_word' id='word_1_24' title='bbox 411 379 543 414; x_wconf 69' lang='lat' dir='ltr'><strong>ventos,</strong></span> <span class='ocrx_word' id='word_1_25' title='bbox 572 376 607 408; x_wconf 86' lang='lat' dir='ltr'><strong>et</strong></span> <span class='ocrx_word' id='word_1_26' title='bbox 637 378 780 408; x_wconf 77' lang='lat' dir='ltr'><strong>montes.</strong></span> 
     </span>
    </p>
   </div>
   <div class='ocr_carea' id='block_1_4' title="bbox 211 436 1632 542">
    <p class='ocr_par' dir='ltr' id='par_1_4' title="bbox 211 436 1632 542">
     <span class='ocr_line' id='line_1_6' title="bbox 321 436 1632 488; baseline 0.002 -15"><span class='ocrx_word' id='word_1_27' title='bbox 321 440 465 483; x_wconf 71' lang='lat' dir='ltr'><strong>aspicit:</strong></span> <span class='ocrx_word' id='word_1_28' title='bbox 493 436 564 474; x_wconf 87' lang='lat' dir='ltr'><strong>hoc</strong></span> <span class='ocrx_word' id='word_1_29' title='bbox 602 436 700 474; x_wconf 85' lang='lat' dir='ltr'>verb.</span> <span class='ocrx_word' id='word_1_30' title='bbox 740 449 806 487; x_wconf 89' lang='lat' dir='ltr'><strong>pro</strong></span> <span class='ocrx_word' id='word_1_31' title='bbox 845 449 878 473; x_wconf 83' lang='lat' dir='ltr'><strong>v.</strong></span> <span class='ocrx_word' id='word_1_32' title='bbox 916 449 1067 486; x_wconf 88' lang='lat' dir='ltr'><strong>vergere</strong></span> <span class='ocrx_word' id='word_1_33' title='bbox 1104 436 1202 487; x_wconf 82' lang='lat' dir='ltr'><strong>apud</strong></span> <span class='ocrx_word' id='word_1_34' title='bbox 1233 437 1456 488; x_wconf 82' lang='lat' dir='ltr'><strong>posteriores</strong></span> <span class='ocrx_word' id='word_1_35' title='bbox 1486 442 1632 475; x_wconf 84' lang='lat' dir='ltr'>tantum</span> 
     </span>
     <span class='ocr_line' id='line_1_7' title="bbox 211 491 911 542; baseline -0.001 -12"><span class='ocrx_word' id='word_1_36' title='bbox 211 491 410 542; x_wconf 78' lang='lat' dir='ltr'>scriptores</span> <span class='ocrx_word' id='word_1_37' title='bbox 440 491 577 529; x_wconf 81' lang='lat' dir='ltr'>latinos</span> <span class='ocrx_word' id='word_1_38' title='bbox 607 491 911 542; x_wconf 84' lang='lat' dir='ltr'>deprehenditur.</span> 
     </span>
    </p>
   </div>
   <div class='ocr_carea' id='block_1_5' title="bbox 206 558 1637 1212">
    <p class='ocr_par' dir='ltr' id='par_1_5' title="bbox 206 558 1637 1212">
     <span class='ocr_line' id='line_1_8' title="bbox 321 558 1637 610; baseline 0.002 -16"><span class='ocrx_word' id='word_1_39' title='bbox 321 562 408 594; x_wconf 74' lang='lat' dir='ltr'><strong>satis</strong></span> <span class='ocrx_word' id='word_1_40' title='bbox 433 562 560 604; x_wconf 75' lang='lat' dir='ltr'><strong>ferax:</strong></span> <span class='ocrx_word' id='word_1_41' title='bbox 605 558 776 596; x_wconf 87' lang='lat' dir='ltr'>nonnulli</span> <span class='ocrx_word' id='word_1_42' title='bbox 814 558 976 596; x_wconf 79' lang='lat' dir='ltr'><strong>editores</strong></span> <span class='ocrx_word' id='word_1_43' title='bbox 1017 572 1096 596; x_wconf 91' lang='lat' dir='ltr'><strong>voc.</strong></span> <span class='ocrx_word' id='word_1_44' title='bbox 1125 564 1212 596; x_wconf 75' lang='lat' dir='ltr'><strong>satis</strong></span> <span class='ocrx_word' id='word_1_45' title='bbox 1243 559 1392 596; x_wconf 81' lang='lat' dir='ltr'><strong>adverb.</strong></span> <span class='ocrx_word' id='word_1_46' title='bbox 1423 573 1500 597; x_wconf 84' lang='lat' dir='ltr'><strong>esse</strong></span> <span class='ocrx_word' id='word_1_47' title='bbox 1532 564 1637 610; x_wconf 78' lang='lat' dir='ltr'>puta·</span> 
     </span>
     <span class='ocr_line' id='line_1_9' title="bbox 211 612 1636 664; baseline 0.001 -15"><span class='ocrx_word' id='word_1_48' title='bbox 211 616 299 650; x_wconf 88' lang='lat' dir='ltr'>runt</span> <span class='ocrx_word' id='word_1_49' title='bbox 336 618 372 649; x_wconf 89' lang='lat' dir='ltr'>et</span> <span class='ocrx_word' id='word_1_50' title='bbox 409 612 646 663; x_wconf 85' lang='lat' dir='ltr'>interpretati</span> <span class='ocrx_word' id='word_1_51' title='bbox 683 618 789 651; x_wconf 78' lang='lat' dir='ltr'>sunt:</span> <span class='ocrx_word' id='word_1_52' title='bbox 827 613 1017 650; x_wconf 81' lang='lat' dir='ltr'><strong>”ziemlich</strong></span> <span class='ocrx_word' id='word_1_53' title='bbox 1048 614 1247 664; x_wconf 85' lang='lat' dir='ltr'><strong>ergiebig”.</strong></span> <span class='ocrx_word' id='word_1_54' title='bbox 1307 613 1404 651; x_wconf 87' lang='lat' dir='ltr'>Mihi</span> <span class='ocrx_word' id='word_1_55' title='bbox 1435 627 1521 651; x_wconf 92' lang='lat' dir='ltr'><strong>vero</strong></span> <span class='ocrx_word' id='word_1_56' title='bbox 1552 627 1636 664; x_wconf 82' lang='lat' dir='ltr'><strong>spe-</strong></span> 
     </span>
     <span class='ocr_line' id='line_1_10' title="bbox 211 661 1636 718; baseline 0 -13"><span class='ocrx_word' id='word_1_57' title='bbox 211 668 328 705; x_wconf 82' lang='lat' dir='ltr'>ctanti</span> <span class='ocrx_word' id='word_1_58' title='bbox 360 667 404 705; x_wconf 85' lang='lat' dir='ltr'><strong>ad</strong></span> <span class='ocrx_word' id='word_1_59' title='bbox 437 681 498 711; x_wconf 85' lang='lat' dir='ltr'><strong>ea,</strong></span> <span class='ocrx_word' id='word_1_60' title='bbox 529 680 613 718; x_wconf 88' lang='lat' dir='ltr'><strong>quae</strong></span> <span class='ocrx_word' id='word_1_61' title='bbox 629 674 847 717; x_wconf 84' lang='lat' dir='ltr'>sequuntur,</span> <span class='ocrx_word' id='word_1_62' title='bbox 867 661 1129 715; x_wconf 65' lang='lat' dir='ltr'><strong>&#39;frugiferarum</strong></span> <span class='ocrx_word' id='word_1_63' title='bbox 1158 673 1325 706; x_wconf 84' lang='lat' dir='ltr'><strong>arborum</strong></span> <span class='ocrx_word' id='word_1_64' title='bbox 1355 674 1556 715; x_wconf 78' lang='lat' dir='ltr'><strong>impatiens,</strong></span> <span class='ocrx_word' id='word_1_65' title='bbox 1580 669 1636 705; x_wconf 91' lang='lat' dir='ltr'>vi-</span> 
     </span>
     <span class='ocr_line' id='line_1_11' title="bbox 211 722 1634 773; baseline 0.001 -15"><span class='ocrx_word' id='word_1_66' title='bbox 211 723 344 759; x_wconf 87' lang='lat' dir='ltr'><strong>demur</strong></span> <span class='ocrx_word' id='word_1_67' title='bbox 374 722 420 760; x_wconf 79' lang='lat' dir='ltr'><strong>ad</strong></span> <span class='ocrx_word' id='word_1_68' title='bbox 448 722 674 760; x_wconf 85' lang='lat' dir='ltr'>sententiam</span> <span class='ocrx_word' id='word_1_69' title='bbox 698 723 890 773; x_wconf 83' lang='lat' dir='ltr'>scriptoris</span> <span class='ocrx_word' id='word_1_70' title='bbox 914 723 1065 773; x_wconf 88' lang='lat' dir='ltr'><strong>propius</strong></span> <span class='ocrx_word' id='word_1_71' title='bbox 1096 723 1286 766; x_wconf 79' lang='lat' dir='ltr'><strong>accedere,</strong></span> <span class='ocrx_word' id='word_1_72' title='bbox 1317 724 1348 759; x_wconf 88' lang='lat' dir='ltr'><strong>si</strong></span> <span class='ocrx_word' id='word_1_73' title='bbox 1372 735 1455 760; x_wconf 90' lang='lat' dir='ltr'><strong>cum</strong></span> <span class='ocrx_word' id='word_1_74' title='bbox 1473 723 1634 767; x_wconf 86' lang='lat' dir='ltr'>Rittero‚</span> 
     </span>
     <span class='ocr_line' id='line_1_12' title="bbox 212 775 1634 828; baseline 0 -13"><span class='ocrx_word' id='word_1_75' title='bbox 212 775 375 822; x_wconf 88' lang='lat' dir='ltr'><strong>Orellio,</strong></span> <span class='ocrx_word' id='word_1_76' title='bbox 406 777 508 821; x_wconf 75' lang='lat' dir='ltr'>aliis,</span> <span class='ocrx_word' id='word_1_77' title='bbox 540 781 715 827; x_wconf 83' lang='lat' dir='ltr'><strong>putamus</strong></span> <span class='ocrx_word' id='word_1_78' title='bbox 747 790 824 814; x_wconf 86' lang='lat' dir='ltr'><strong>voe.</strong></span> <span class='ocrx_word' id='word_1_79' title='bbox 855 783 943 814; x_wconf 75' lang='lat' dir='ltr'><strong>satis</strong></span> <span class='ocrx_word' id='word_1_80' title='bbox 972 790 1050 814; x_wconf 86' lang='lat' dir='ltr'><strong>esse</strong></span> <span class='ocrx_word' id='word_1_81' title='bbox 1079 778 1152 815; x_wconf 84' lang='lat' dir='ltr'><strong>abl.</strong></span> <span class='ocrx_word' id='word_1_82' title='bbox 1182 791 1201 814; x_wconf 84' lang='lat' dir='ltr'>a</span> <span class='ocrx_word' id='word_1_83' title='bbox 1231 786 1330 822; x_wconf 85' lang='lat' dir='ltr'><strong>sata,</strong></span> <span class='ocrx_word' id='word_1_84' title='bbox 1368 790 1451 828; x_wconf 89' lang='lat' dir='ltr'><strong>quae</strong></span> <span class='ocrx_word' id='word_1_85' title='bbox 1482 790 1553 815; x_wconf 84' lang='lat' dir='ltr'><strong>vox</strong></span> <span class='ocrx_word' id='word_1_86' title='bbox 1584 778 1634 815; x_wconf 83' lang='lat' dir='ltr'><strong>si-</strong></span> 
     </span>
     <span class='ocr_line' id='line_1_13' title="bbox 210 832 1634 882; baseline 0.001 -14"><span class='ocrx_word' id='word_1_87' title='bbox 210 832 365 881; x_wconf 84' lang='lat' dir='ltr'>gnificat</span> <span class='ocrx_word' id='word_1_88' title='bbox 395 845 542 875; x_wconf 85' lang='lat' dir='ltr'><strong>omnes,</strong></span> <span class='ocrx_word' id='word_1_89' title='bbox 573 843 657 881; x_wconf 90' lang='lat' dir='ltr'><strong>quae</strong></span> <span class='ocrx_word' id='word_1_90' title='bbox 687 835 860 869; x_wconf 88' lang='lat' dir='ltr'>seruntur</span> <span class='ocrx_word' id='word_1_91' title='bbox 891 833 1034 881; x_wconf 86' lang='lat' dir='ltr'><strong>fruges,</strong></span> <span class='ocrx_word' id='word_1_92' title='bbox 1067 832 1171 881; x_wconf 83' lang='lat' dir='ltr'>cujus</span> <span class='ocrx_word' id='word_1_93' title='bbox 1202 832 1353 882; x_wconf 82' lang='lat' dir='ltr'><strong>quidem</strong></span> <span class='ocrx_word' id='word_1_94' title='bbox 1386 832 1494 882; x_wconf 82' lang='lat' dir='ltr'>hujus</span> <span class='ocrx_word' id='word_1_95' title='bbox 1527 844 1634 869; x_wconf 83' lang='lat' dir='ltr'><strong>voca-</strong></span> 
     </span>
     <span class='ocr_line' id='line_1_14' title="bbox 211 886 1636 939; baseline 0.001 -16"><span class='ocrx_word' id='word_1_96' title='bbox 211 886 290 924; x_wconf 87' lang='lat' dir='ltr'>buli</span> <span class='ocrx_word' id='word_1_97' title='bbox 320 886 606 936; x_wconf 82' lang='lat' dir='ltr'>significationis</span> <span class='ocrx_word' id='word_1_98' title='bbox 636 886 803 924; x_wconf 85' lang='lat' dir='ltr'>Ritterus</span> <span class='ocrx_word' id='word_1_99' title='bbox 835 887 952 924; x_wconf 79' lang='lat' dir='ltr'>multa</span> <span class='ocrx_word' id='word_1_100' title='bbox 983 900 1002 924; x_wconf 90' lang='lat' dir='ltr'><strong>e</strong></span> <span class='ocrx_word' id='word_1_101' title='bbox 1032 887 1183 936; x_wconf 88' lang='lat' dir='ltr'>Virgilii</span> <span class='ocrx_word' id='word_1_102' title='bbox 1213 887 1438 925; x_wconf 83' lang='lat' dir='ltr'>carminibus</span> <span class='ocrx_word' id='word_1_103' title='bbox 1466 887 1636 939; x_wconf 79' lang='lat' dir='ltr'><strong>exempla</strong></span> 
     </span>
     <span class='ocr_line' id='line_1_15' title="bbox 211 941 1634 989; baseline 0.001 -11"><span class='ocrx_word' id='word_1_104' title='bbox 211 942 455 978; x_wconf 80' lang='lat' dir='ltr'><strong>enumeravit.</strong></span> <span class='ocrx_word' id='word_1_105' title='bbox 515 941 591 977; x_wconf 89' lang='lat' dir='ltr'>Alii</span> <span class='ocrx_word' id='word_1_106' title='bbox 623 946 774 979; x_wconf 85' lang='lat' dir='ltr'>censent</span> <span class='ocrx_word' id='word_1_107' title='bbox 813 955 846 977; x_wconf 92' lang='lat' dir='ltr'><strong>v.</strong></span> <span class='ocrx_word' id='word_1_108' title='bbox 886 947 974 978; x_wconf 79' lang='lat' dir='ltr'><strong>satis</strong></span> <span class='ocrx_word' id='word_1_109' title='bbox 1010 942 1124 979; x_wconf 86' lang='lat' dir='ltr'>dativ.</span> <span class='ocrx_word' id='word_1_110' title='bbox 1162 956 1250 980; x_wconf 86' lang='lat' dir='ltr'><strong>esse.</strong></span> <span class='ocrx_word' id='word_1_111' title='bbox 1309 942 1380 980; x_wconf 86' lang='lat' dir='ltr'><strong>Sed</strong></span> <span class='ocrx_word' id='word_1_112' title='bbox 1420 948 1548 989; x_wconf 75' lang='lat' dir='ltr'><strong>ferax,</strong></span> <span class='ocrx_word' id='word_1_113' title='bbox 1593 949 1634 979; x_wconf 89' lang='lat' dir='ltr'>ut</span> 
     </span>
     <span class='ocr_line' id='line_1_16' title="bbox 211 995 1633 1048; baseline 0.001 -15"><span class='ocrx_word' id='word_1_114' title='bbox 211 995 282 1034; x_wconf 85' lang='lat' dir='ltr'>alia</span> <span class='ocrx_word' id='word_1_115' title='bbox 312 996 478 1047; x_wconf 81' lang='lat' dir='ltr'><strong>ejusdem</strong></span> <span class='ocrx_word' id='word_1_116' title='bbox 510 996 792 1046; x_wconf 81' lang='lat' dir='ltr'>significationis</span> <span class='ocrx_word' id='word_1_117' title='bbox 823 997 1020 1042; x_wconf 77' lang='lat' dir='ltr'><strong>vocabula,</strong></span> <span class='ocrx_word' id='word_1_118' title='bbox 1056 1010 1139 1035; x_wconf 90' lang='lat' dir='ltr'><strong>cum</strong></span> <span class='ocrx_word' id='word_1_119' title='bbox 1169 998 1284 1048; x_wconf 88' lang='lat' dir='ltr'>genit.</span> <span class='ocrx_word' id='word_1_120' title='bbox 1314 997 1371 1035; x_wconf 93' lang='lat' dir='ltr'><strong>vel</strong></span> <span class='ocrx_word' id='word_1_121' title='bbox 1401 997 1514 1036; x_wconf 86' lang='lat' dir='ltr'><strong>ablat.</strong></span> <span class='ocrx_word' id='word_1_122' title='bbox 1544 1010 1633 1035; x_wconf 89' lang='lat' dir='ltr'><strong>eon-</strong></span> 
     </span>
     <span class='ocr_line' id='line_1_17' title="bbox 206 1052 1631 1104; baseline 0 -14"><span class='ocrx_word' id='word_1_123' title='bbox 206 1052 393 1102; x_wconf 81' lang='lat' dir='ltr'>jungitur,</span> <span class='ocrx_word' id='word_1_124' title='bbox 432 1052 494 1103; x_wconf 88' lang='lat' dir='ltr'>qui</span> <span class='ocrx_word' id='word_1_125' title='bbox 537 1065 644 1090; x_wconf 86' lang='lat' dir='ltr'><strong>casus</strong></span> <span class='ocrx_word' id='word_1_126' title='bbox 680 1052 869 1090; x_wconf 89' lang='lat' dir='ltr'>interdum</span> <span class='ocrx_word' id='word_1_127' title='bbox 900 1054 1010 1091; x_wconf 80' lang='lat' dir='ltr'><strong>etiam</strong></span> <span class='ocrx_word' id='word_1_128' title='bbox 1048 1054 1256 1104; x_wconf 88' lang='lat' dir='ltr'><strong>promiscue</strong></span> <span class='ocrx_word' id='word_1_129' title='bbox 1288 1059 1488 1104; x_wconf 87' lang='lat' dir='ltr'>ponuntur.</span> <span class='ocrx_word' id='word_1_130' title='bbox 1525 1053 1631 1092; x_wconf 83' lang='lat' dir='ltr'><strong>Conf.</strong></span> 
     </span>
     <span class='ocr_line' id='line_1_18' title="bbox 211 1107 1629 1156; baseline 0.001 -11"><span class='ocrx_word' id='word_1_131' title='bbox 211 1107 324 1146; x_wconf 85' lang='lat' dir='ltr'>Ovid.</span> <span class='ocrx_word' id='word_1_132' title='bbox 355 1108 443 1145; x_wconf 90' lang='lat' dir='ltr'><strong>Am.</strong></span> <span class='ocrx_word' id='word_1_133' title='bbox 473 1107 525 1145; x_wconf 93' lang='grc' dir='ltr'><strong>ΙΙ.</strong></span> <span class='ocrx_word' id='word_1_134' title='bbox 562 1111 620 1145; x_wconf 87' lang='grc'><strong>16.</strong></span> <span class='ocrx_word' id='word_1_135' title='bbox 655 1112 688 1144; x_wconf 92' lang='grc'><strong>7.</strong></span> <span class='ocrx_word' id='word_1_136' title='bbox 737 1109 846 1145; x_wconf 84' lang='lat' dir='ltr'><strong>Terra</strong></span> <span class='ocrx_word' id='word_1_137' title='bbox 872 1113 980 1154; x_wconf 74' lang='lat' dir='ltr'><strong>seram</strong></span> <span class='ocrx_word' id='word_1_138' title='bbox 1009 1109 1142 1146; x_wconf 80' lang='lat' dir='ltr'><strong>Cereris</strong></span> <span class='ocrx_word' id='word_1_139' title='bbox 1172 1114 1341 1156; x_wconf 78' lang='lat' dir='ltr'><strong>multoque</strong></span> <span class='ocrx_word' id='word_1_140' title='bbox 1365 1114 1519 1155; x_wconf 76' lang='lat' dir='ltr'><strong>feracior</strong></span> <span class='ocrx_word' id='word_1_141' title='bbox 1544 1114 1629 1146; x_wconf 82' lang='lat' dir='ltr'><strong>uvis.</strong></span> 
     </span>
     <span class='ocr_line' id='line_1_19' title="bbox 213 1162 1066 1212; baseline -0.001 -12"><span class='ocrx_word' id='word_1_142' title='bbox 213 1162 317 1211; x_wconf 85' lang='lat' dir='ltr'>Virg.</span> <span class='ocrx_word' id='word_1_143' title='bbox 349 1163 486 1212; x_wconf 85' lang='lat' dir='ltr'><strong>Georg.</strong></span> <span class='ocrx_word' id='word_1_144' title='bbox 516 1163 569 1200; x_wconf 94' lang='lat' dir='ltr'><strong>II.</strong></span> <span class='ocrx_word' id='word_1_145' title='bbox 602 1167 692 1201; x_wconf 88' lang='grc'><strong>222.</strong></span> <span class='ocrx_word' id='word_1_146' title='bbox 725 1171 819 1200; x_wconf 83' lang='lat' dir='ltr'><strong>terra</strong></span> <span class='ocrx_word' id='word_1_147' title='bbox 848 1169 956 1210; x_wconf 73' lang='lat' dir='ltr'><strong>ferax</strong></span> <span class='ocrx_word' id='word_1_148' title='bbox 985 1168 1066 1201; x_wconf 84' lang='lat' dir='ltr'><strong>oleo.</strong></span> 
     </span>
    </p>
   </div>
   <div class='ocr_carea' id='block_1_6' title="bbox 209 1229 1634 1941">
    <p class='ocr_par' dir='ltr' id='par_1_6' title="bbox 209 1229 1634 1609">
     <span class='ocr_line' id='line_1_20' title="bbox 322 1229 1632 1282; baseline 0.001 -15"><span class='ocrx_word' id='word_1_149' title='bbox 322 1234 523 1277; x_wconf 78' lang='lat' dir='ltr'><strong>impatiens:</strong></span> <span class='ocrx_word' id='word_1_150' title='bbox 554 1229 692 1267; x_wconf 89' lang='lat' dir='ltr'>dicitur</span> <span class='ocrx_word' id='word_1_151' title='bbox 720 1229 789 1267; x_wconf 88' lang='lat' dir='ltr'><strong>hoc</strong></span> <span class='ocrx_word' id='word_1_152' title='bbox 821 1231 1039 1269; x_wconf 86' lang='lat' dir='ltr'><strong>vocabulum</strong></span> <span class='ocrx_word' id='word_1_153' title='bbox 1072 1230 1219 1281; x_wconf 87' lang='lat' dir='ltr'><strong>proprie</strong></span> <span class='ocrx_word' id='word_1_154' title='bbox 1250 1231 1295 1269; x_wconf 88' lang='lat' dir='ltr'><strong>de</strong></span> <span class='ocrx_word' id='word_1_155' title='bbox 1325 1244 1385 1276; x_wconf 88' lang='lat' dir='ltr'><strong>eo,</strong></span> <span class='ocrx_word' id='word_1_156' title='bbox 1415 1231 1478 1282; x_wconf 93' lang='lat' dir='ltr'>qui</span> <span class='ocrx_word' id='word_1_157' title='bbox 1515 1244 1632 1282; x_wconf 88' lang='lat' dir='ltr'><strong>neque</strong></span> 
     </span>
     <span class='ocr_line' id='line_1_21' title="bbox 214 1285 1632 1336; baseline 0.001 -15"><span class='ocrx_word' id='word_1_158' title='bbox 214 1285 313 1329; x_wconf 89' lang='lat' dir='ltr'>vult,</span> <span class='ocrx_word' id='word_1_159' title='bbox 344 1298 463 1334; x_wconf 89' lang='lat' dir='ltr'><strong>neque</strong></span> <span class='ocrx_word' id='word_1_160' title='bbox 494 1290 617 1335; x_wconf 85' lang='lat' dir='ltr'><strong>potest</strong></span> <span class='ocrx_word' id='word_1_161' title='bbox 646 1287 750 1323; x_wconf 89' lang='lat' dir='ltr'><strong>ferre.</strong></span> <span class='ocrx_word' id='word_1_162' title='bbox 788 1288 940 1324; x_wconf 78' lang='lat' dir='ltr'><strong>Freund.</strong></span> <span class='ocrx_word' id='word_1_163' title='bbox 997 1287 1068 1324; x_wconf 86' lang='lat' dir='ltr'><strong>Sed</strong></span> <span class='ocrx_word' id='word_1_164' title='bbox 1109 1288 1218 1323; x_wconf 87' lang='lat' dir='ltr'>etiam</span> <span class='ocrx_word' id='word_1_165' title='bbox 1262 1286 1307 1323; x_wconf 88' lang='lat' dir='ltr'><strong>de</strong></span> <span class='ocrx_word' id='word_1_166' title='bbox 1337 1287 1445 1324; x_wconf 87' lang='lat' dir='ltr'><strong>rebus</strong></span> <span class='ocrx_word' id='word_1_167' title='bbox 1474 1299 1632 1336; x_wconf 80' lang='lat' dir='ltr'><strong>usurpa-</strong></span> 
     </span>
     <span class='ocr_line' id='line_1_22' title="bbox 212 1339 1634 1387; baseline 0 -10"><span class='ocrx_word' id='word_1_168' title='bbox 212 1343 284 1377; x_wconf 82' lang='lat' dir='ltr'><strong>tur.</strong></span> <span class='ocrx_word' id='word_1_169' title='bbox 315 1340 422 1378; x_wconf 88' lang='lat' dir='ltr'><strong>Conf.</strong></span> <span class='ocrx_word' id='word_1_170' title='bbox 455 1339 551 1377; x_wconf 86' lang='lat' dir='ltr'>Plin.</span> <span class='ocrx_word' id='word_1_171' title='bbox 582 1339 632 1376; x_wconf 92' lang='lat' dir='ltr'><strong>H.</strong></span> <span class='ocrx_word' id='word_1_172' title='bbox 665 1339 714 1377; x_wconf 91' lang='lat' dir='ltr'><strong>N.</strong></span> <span class='ocrx_word' id='word_1_173' title='bbox 745 1339 893 1377; x_wconf 90' lang='lat' dir='ltr'>XXIII.</span> <span class='ocrx_word' id='word_1_174' title='bbox 926 1345 988 1378; x_wconf 88' lang='grc'><strong>32.</strong></span> <span class='ocrx_word' id='word_1_175' title='bbox 1046 1342 1220 1378; x_wconf 78' lang='lat' dir='ltr'><strong><em>Mammas</em></strong></span> <span class='ocrx_word' id='word_1_176' title='bbox 1248 1344 1346 1377; x_wconf 75' lang='lat' dir='ltr'><strong>lactis</strong></span> <span class='ocrx_word' id='word_1_177' title='bbox 1376 1346 1431 1377; x_wconf 83' lang='lat' dir='ltr'><strong>sui</strong></span> <span class='ocrx_word' id='word_1_178' title='bbox 1455 1346 1634 1387; x_wconf 76' lang='lat' dir='ltr'><strong>impatien-</strong></span> 
     </span>
     <span class='ocr_line' id='line_1_23' title="bbox 211 1395 1631 1443; baseline 0.001 -11"><span class='ocrx_word' id='word_1_179' title='bbox 211 1403 261 1433; x_wconf 80' lang='lat' dir='ltr'><strong>tes</strong></span> <span class='ocrx_word' id='word_1_180' title='bbox 287 1401 362 1442; x_wconf 76' lang='lat' dir='ltr'><strong>saeoe</strong></span> <span class='ocrx_word' id='word_1_181' title='bbox 390 1401 479 1433; x_wconf 76' lang='lat' dir='ltr'>aceti</span> <span class='ocrx_word' id='word_1_182' title='bbox 505 1400 704 1443; x_wconf 76' lang='lat' dir='ltr'><strong>eoestinqm&#39;t.</strong></span> <span class='ocrx_word' id='word_1_183' title='bbox 735 1395 873 1434; x_wconf 86' lang='lat' dir='ltr'><strong>Lucan.</strong></span> <span class='ocrx_word' id='word_1_184' title='bbox 906 1400 938 1433; x_wconf 91' lang='grc'><strong>7.</strong></span> <span class='ocrx_word' id='word_1_185' title='bbox 972 1401 1061 1434; x_wconf 87' lang='grc'>866.</span> <span class='ocrx_word' id='word_1_186' title='bbox 1093 1404 1189 1433; x_wconf 82' lang='lat' dir='ltr'><strong>terra</strong></span> <span class='ocrx_word' id='word_1_187' title='bbox 1229 1399 1402 1433; x_wconf 72' lang='lat' dir='ltr'><strong>hominum</strong></span> <span class='ocrx_word' id='word_1_188' title='bbox 1440 1400 1631 1443; x_wconf 79' lang='lat' dir='ltr'><strong>impatiens.</strong></span> 
     </span>
     <span class='ocr_line' id='line_1_24' title="bbox 211 1450 1630 1499; baseline 0.001 -12"><span class='ocrx_word' id='word_1_189' title='bbox 211 1450 318 1487; x_wconf 90' lang='lat' dir='ltr'><strong>Idem</strong></span> <span class='ocrx_word' id='word_1_190' title='bbox 353 1455 387 1488; x_wconf 86' lang='lat'><strong>9.</strong></span> <span class='ocrx_word' id='word_1_191' title='bbox 420 1454 511 1488; x_wconf 87' lang='grc'>857.</span> <span class='ocrx_word' id='word_1_192' title='bbox 568 1452 688 1487; x_wconf 80' lang='lat' dir='ltr'><strong>Solum</strong></span> <span class='ocrx_word' id='word_1_193' title='bbox 717 1453 850 1487; x_wconf 78' lang='lat' dir='ltr'><strong>Cereris</strong></span> <span class='ocrx_word' id='word_1_194' title='bbox 886 1457 1079 1497; x_wconf 74' lang='lat' dir='ltr'><strong>impatiens.</strong></span> <span class='ocrx_word' id='word_1_195' title='bbox 1124 1451 1229 1489; x_wconf 84' lang='lat' dir='ltr'><strong>Cous.</strong></span> <span class='ocrx_word' id='word_1_196' title='bbox 1266 1452 1376 1488; x_wconf 84' lang='lat' dir='ltr'>etiam</span> <span class='ocrx_word' id='word_1_197' title='bbox 1410 1452 1535 1499; x_wconf 88' lang='lat' dir='ltr'>Agric.</span> <span class='ocrx_word' id='word_1_198' title='bbox 1570 1455 1630 1489; x_wconf 90' lang='grc'><strong>12.</strong></span> 
     </span>
     <span class='ocr_line' id='line_1_25' title="bbox 209 1506 1632 1555; baseline -0.001 -11"><span class='ocrx_word' id='word_1_199' title='bbox 209 1506 349 1551; x_wconf 82' lang='lat' dir='ltr'><strong>Solum,</strong></span> <span class='ocrx_word' id='word_1_200' title='bbox 390 1514 520 1555; x_wconf 84' lang='lat' dir='ltr'><strong>praeter</strong></span> <span class='ocrx_word' id='word_1_201' title='bbox 561 1511 688 1544; x_wconf 81' lang='lat' dir='ltr'><strong>olivam</strong></span> <span class='ocrx_word' id='word_1_202' title='bbox 725 1511 889 1554; x_wconf 74' lang='lat' dir='ltr'><strong>vicemque</strong></span> <span class='ocrx_word' id='word_1_203' title='bbox 927 1514 959 1544; x_wconf 82' lang='lat' dir='ltr'>et</span> <span class='ocrx_word' id='word_1_204' title='bbox 995 1514 1107 1544; x_wconf 83' lang='lat' dir='ltr'><strong>cetera</strong></span> <span class='ocrx_word' id='word_1_205' title='bbox 1142 1509 1361 1544; x_wconf 75' lang='lat' dir='ltr'><strong>calidioribus</strong></span> <span class='ocrx_word' id='word_1_206' title='bbox 1397 1511 1499 1544; x_wconf 75' lang='lat' dir='ltr'><strong>terris</strong></span> <span class='ocrx_word' id='word_1_207' title='bbox 1543 1510 1632 1544; x_wconf 74' lang='lat' dir='ltr'><strong>oriri</strong></span> 
     </span>
     <span class='ocr_line' id='line_1_26' title="bbox 210 1567 674 1609; baseline -0.002 -10"><span class='ocrx_word' id='word_1_208' title='bbox 210 1570 329 1609; x_wconf 79' lang='lat' dir='ltr'><strong>sueta,</strong></span> <span class='ocrx_word' id='word_1_209' title='bbox 358 1568 496 1609; x_wconf 76' lang='lat' dir='ltr'><strong>patiens</strong></span> <span class='ocrx_word' id='word_1_210' title='bbox 521 1567 674 1608; x_wconf 74' lang='lat' dir='ltr'><strong>fraqam.</strong></span> 
     </span>
    </p>

    <p class='ocr_par' dir='ltr' id='par_1_7' title="bbox 209 1616 1629 1941">
     <span class='ocr_line' id='line_1_27' title="bbox 321 1616 1628 1661; baseline -0.002 -7"><span class='ocrx_word' id='word_1_211' title='bbox 321 1622 509 1654; x_wconf 77' lang='lat' dir='ltr'><strong>armentis:</strong></span> <span class='ocrx_word' id='word_1_212' title='bbox 554 1616 623 1653; x_wconf 89' lang='lat' dir='ltr'><strong>hoc</strong></span> <span class='ocrx_word' id='word_1_213' title='bbox 661 1616 880 1654; x_wconf 88' lang='lat' dir='ltr'><strong>vocabulum</strong></span> <span class='ocrx_word' id='word_1_214' title='bbox 920 1616 1160 1654; x_wconf 70' lang='lat' dir='ltr'><strong>Doderlinius</strong></span> <span class='ocrx_word' id='word_1_215' title='bbox 1199 1617 1250 1654; x_wconf 87' lang='lat' dir='ltr'>ita</span> <span class='ocrx_word' id='word_1_216' title='bbox 1295 1629 1314 1653; x_wconf 85' lang='lat' dir='ltr'>a</span> <span class='ocrx_word' id='word_1_217' title='bbox 1353 1629 1430 1653; x_wconf 82' lang='lat' dir='ltr'><strong>voc.</strong></span> <span class='ocrx_word' id='word_1_218' title='bbox 1473 1620 1628 1661; x_wconf 82' lang='lat' dir='ltr'><strong>jumenta</strong></span> 
     </span>
     <span class='ocr_line' id='line_1_28' title="bbox 209 1670 1629 1723; baseline -0.002 -12"><span class='ocrx_word' id='word_1_219' title='bbox 209 1672 432 1723; x_wconf 81' lang='lat' dir='ltr'>distinguit,</span> <span class='ocrx_word' id='word_1_220' title='bbox 476 1677 517 1709; x_wconf 89' lang='lat' dir='ltr'>ut</span> <span class='ocrx_word' id='word_1_221' title='bbox 561 1672 664 1709; x_wconf 83' lang='lat' dir='ltr'>dicat</span> <span class='ocrx_word' id='word_1_222' title='bbox 707 1680 868 1708; x_wconf 81' lang='lat' dir='ltr'><strong>armenta</strong></span> <span class='ocrx_word' id='word_1_223' title='bbox 911 1671 1118 1721; x_wconf 80' lang='lat' dir='ltr'>significare</span> <span class='ocrx_word' id='word_1_224' title='bbox 1160 1672 1252 1709; x_wconf 87' lang='lat' dir='ltr'>”nur</span> <span class='ocrx_word' id='word_1_225' title='bbox 1295 1671 1360 1709; x_wconf 85' lang='lat' dir='ltr'><strong>das</strong></span> <span class='ocrx_word' id='word_1_226' title='bbox 1404 1670 1629 1714; x_wconf 88' lang='lat' dir='ltr'><strong>Ackervieh,</strong></span> 
     </span>
     <span class='ocr_line' id='line_1_29' title="bbox 211 1725 1628 1775; baseline -0.002 -10"><span class='ocrx_word' id='word_1_227' title='bbox 211 1728 362 1767; x_wconf 82' lang='lat' dir='ltr'><strong>Ochsen</strong></span> <span class='ocrx_word' id='word_1_228' title='bbox 393 1727 470 1765; x_wconf 91' lang='lat' dir='ltr'><strong>und</strong></span> <span class='ocrx_word' id='word_1_229' title='bbox 501 1727 672 1771; x_wconf 86' lang='lat' dir='ltr'><strong>Pferde”;</strong></span> <span class='ocrx_word' id='word_1_230' title='bbox 701 1730 857 1771; x_wconf 75' lang='lat' dir='ltr'><strong>jumenta</strong></span> <span class='ocrx_word' id='word_1_231' title='bbox 887 1730 1009 1763; x_wconf 84' lang='lat' dir='ltr'>autem</span> <span class='ocrx_word' id='word_1_232' title='bbox 1042 1726 1128 1763; x_wconf 82' lang='lat' dir='ltr'><strong>”das</strong></span> <span class='ocrx_word' id='word_1_233' title='bbox 1156 1726 1333 1775; x_wconf 86' lang='lat' dir='ltr'>Zugvieh,</span> <span class='ocrx_word' id='word_1_234' title='bbox 1358 1725 1511 1770; x_wconf 86' lang='lat' dir='ltr'>Rinder,</span> <span class='ocrx_word' id='word_1_235' title='bbox 1530 1725 1628 1770; x_wconf 84' lang='lat' dir='ltr'><strong>Esel,</strong></span> 
     </span>
     <span class='ocr_line' id='line_1_30' title="bbox 210 1780 1627 1833; baseline -0.003 -12"><span class='ocrx_word' id='word_1_236' title='bbox 210 1782 377 1821; x_wconf 90' lang='lat' dir='ltr'><strong>Pferde”.</strong></span> <span class='ocrx_word' id='word_1_237' title='bbox 436 1784 560 1833; x_wconf 88' lang='lat' dir='ltr'>Atque</span> <span class='ocrx_word' id='word_1_238' title='bbox 591 1794 667 1819; x_wconf 86' lang='lat' dir='ltr'><strong>voe.</strong></span> <span class='ocrx_word' id='word_1_239' title='bbox 697 1786 864 1818; x_wconf 81' lang='lat' dir='ltr'><strong>armentis</strong></span> <span class='ocrx_word' id='word_1_240' title='bbox 894 1781 928 1819; x_wconf 88' lang='lat' dir='ltr'><strong>h.</strong></span> <span class='ocrx_word' id='word_1_241' title='bbox 959 1781 981 1817; x_wconf 90' lang='lat' dir='ltr'><strong>l.</strong></span> <span class='ocrx_word' id='word_1_242' title='bbox 1011 1781 1216 1829; x_wconf 86' lang='lat' dir='ltr'>significare</span> <span class='ocrx_word' id='word_1_243' title='bbox 1246 1785 1282 1818; x_wconf 87' lang='lat' dir='ltr'><strong>et</strong></span> <span class='ocrx_word' id='word_1_244' title='bbox 1305 1793 1419 1831; x_wconf 88' lang='lat' dir='ltr'><strong>equos</strong></span> <span class='ocrx_word' id='word_1_245' title='bbox 1443 1785 1480 1818; x_wconf 86' lang='lat' dir='ltr'>et</span> <span class='ocrx_word' id='word_1_246' title='bbox 1505 1780 1627 1823; x_wconf 88' lang='lat' dir='ltr'><strong>boves,</strong></span> 
     </span>
     <span class='ocr_line' id='line_1_31' title="bbox 211 1835 1625 1886; baseline -0.002 -11"><span class='ocrx_word' id='word_1_247' title='bbox 211 1838 413 1876; x_wconf 84' lang='lat' dir='ltr'><strong>verisimile</strong></span> <span class='ocrx_word' id='word_1_248' title='bbox 441 1839 501 1882; x_wconf 85' lang='lat' dir='ltr'>fit,</span> <span class='ocrx_word' id='word_1_249' title='bbox 532 1837 563 1874; x_wconf 88' lang='lat' dir='ltr'><strong>si</strong></span> <span class='ocrx_word' id='word_1_250' title='bbox 592 1850 676 1874; x_wconf 90' lang='lat' dir='ltr'><strong>cum</strong></span> <span class='ocrx_word' id='word_1_251' title='bbox 702 1837 770 1874; x_wconf 86' lang='lat' dir='ltr'><strong>hoc</strong></span> <span class='ocrx_word' id='word_1_252' title='bbox 793 1836 873 1874; x_wconf 92' lang='lat' dir='ltr'><strong>loco</strong></span> <span class='ocrx_word' id='word_1_253' title='bbox 889 1835 1186 1886; x_wconf 83' lang='lat' dir='ltr'><strong>comparabimus</strong></span> <span class='ocrx_word' id='word_1_254' title='bbox 1204 1849 1287 1886; x_wconf 88' lang='lat' dir='ltr'><strong>quae</strong></span> <span class='ocrx_word' id='word_1_255' title='bbox 1302 1836 1479 1873; x_wconf 90' lang='lat' dir='ltr'>dicuntur</span> <span class='ocrx_word' id='word_1_256' title='bbox 1495 1848 1572 1885; x_wconf 82' lang='lat' dir='ltr'><strong>cap.</strong></span> <span class='ocrx_word' id='word_1_257' title='bbox 1594 1840 1625 1871; x_wconf 85' lang='lat'><strong>6.</strong></span> 
     </span>
     <span class='ocr_line' id='line_1_32' title="bbox 209 1895 1062 1941; baseline -0.004 -10"><span class='ocrx_word' id='word_1_258' title='bbox 209 1898 289 1941; x_wconf 78' lang='lat' dir='ltr'><strong>equi</strong></span> <span class='ocrx_word' id='word_1_259' title='bbox 314 1907 384 1931; x_wconf 83' lang='lat' dir='ltr'><strong>non</strong></span> <span class='ocrx_word' id='word_1_260' title='bbox 410 1899 548 1940; x_wconf 80' lang='lat' dir='ltr'><strong>forma,</strong></span> <span class='ocrx_word' id='word_1_261' title='bbox 578 1906 647 1929; x_wconf 83' lang='lat' dir='ltr'><strong>non</strong></span> <span class='ocrx_word' id='word_1_262' title='bbox 677 1895 853 1929; x_wconf 76' lang='lat' dir='ltr'><strong>velocitate</strong></span> <span class='ocrx_word' id='word_1_263' title='bbox 881 1896 1062 1938; x_wconf 75' lang='lat' dir='ltr'>conspicui.</span> 
     </span>
    </p>
   </div>
   <div class='ocr_carea' id='block_1_7' title="bbox 208 1955 1627 2343">
    <p class='ocr_par' dir='ltr' id='par_1_8' title="bbox 208 1955 1627 2343">
     <span class='ocr_line' id='line_1_33' title="bbox 321 1955 1626 2011; baseline -0.005 -13"><span class='ocrx_word' id='word_1_264' title='bbox 321 1965 443 1998; x_wconf 81' lang='lat' dir='ltr'><strong>honor:</strong></span> <span class='ocrx_word' id='word_1_265' title='bbox 473 1959 620 2011; x_wconf 87' lang='lat' dir='ltr'><strong>proprie</strong></span> <span class='ocrx_word' id='word_1_266' title='bbox 650 1958 888 2002; x_wconf 82' lang='lat' dir='ltr'><strong>’&#39;reverentia,</strong></span> <span class='ocrx_word' id='word_1_267' title='bbox 918 1957 1163 2001; x_wconf 82' lang='lat' dir='ltr'><strong>observantia,</strong></span> <span class='ocrx_word' id='word_1_268' title='bbox 1194 1969 1303 2007; x_wconf 81' lang='lat' dir='ltr'><strong>quam</strong></span> <span class='ocrx_word' id='word_1_269' title='bbox 1336 1955 1447 1993; x_wconf 89' lang='lat' dir='ltr'>alicui</span> <span class='ocrx_word' id='word_1_270' title='bbox 1477 1955 1626 1993; x_wconf 83' lang='lat' dir='ltr'><strong>exhibe-</strong></span> 
     </span>
     <span class='ocr_line' id='line_1_34' title="bbox 210 2011 1624 2062; baseline -0.005 -7"><span class='ocrx_word' id='word_1_271' title='bbox 210 2016 327 2055; x_wconf 88' lang='lat' dir='ltr'><strong>mus’&#39;.</strong></span> <span class='ocrx_word' id='word_1_272' title='bbox 359 2018 535 2053; x_wconf 78' lang='lat' dir='ltr'><strong>Forcellin.</strong></span> <span class='ocrx_word' id='word_1_273' title='bbox 594 2014 787 2051; x_wconf 90' lang='lat' dir='ltr'><strong>Interdum</strong></span> <span class='ocrx_word' id='word_1_274' title='bbox 818 2013 1003 2062; x_wconf 84' lang='lat' dir='ltr'>significat</span> <span class='ocrx_word' id='word_1_275' title='bbox 1032 2012 1110 2050; x_wconf 90' lang='lat' dir='ltr'><strong>haec</strong></span> <span class='ocrx_word' id='word_1_276' title='bbox 1142 2025 1211 2049; x_wconf 86' lang='lat' dir='ltr'><strong>vox</strong></span> <span class='ocrx_word' id='word_1_277' title='bbox 1242 2011 1555 2062; x_wconf 85' lang='lat' dir='ltr'>pulchritudinem</span> <span class='ocrx_word' id='word_1_278' title='bbox 1587 2017 1624 2048; x_wconf 89' lang='lat' dir='ltr'>et</span> 
     </span>
     <span class='ocr_line' id='line_1_35' title="bbox 210 2067 1624 2116; baseline -0.004 -7"><span class='ocrx_word' id='word_1_279' title='bbox 210 2075 406 2116; x_wconf 84' lang='lat' dir='ltr'><strong>ornatum,</strong></span> <span class='ocrx_word' id='word_1_280' title='bbox 437 2071 535 2109; x_wconf 89' lang='lat' dir='ltr'>unde</span> <span class='ocrx_word' id='word_1_281' title='bbox 564 2070 682 2107; x_wconf 88' lang='lat' dir='ltr'><strong>honor</strong></span> <span class='ocrx_word' id='word_1_282' title='bbox 710 2069 819 2106; x_wconf 85' lang='lat' dir='ltr'>alicui</span> <span class='ocrx_word' id='word_1_283' title='bbox 849 2067 1046 2116; x_wconf 86' lang='lat' dir='ltr'>contingit.</span> <span class='ocrx_word' id='word_1_284' title='bbox 1081 2067 1182 2116; x_wconf 90' lang='lat' dir='ltr'>Virg.</span> <span class='ocrx_word' id='word_1_285' title='bbox 1214 2067 1306 2104; x_wconf 90' lang='lat' dir='ltr'><strong>Aen.</strong></span> <span class='ocrx_word' id='word_1_286' title='bbox 1337 2067 1368 2104; x_wconf 94' lang='lat' dir='ltr'><strong>I.</strong></span> <span class='ocrx_word' id='word_1_287' title='bbox 1403 2071 1493 2104; x_wconf 85' lang='grc'>595.</span> <span class='ocrx_word' id='word_1_288' title='bbox 1531 2070 1624 2103; x_wconf 81' lang='lat' dir='ltr'><strong>laetos</strong></span> 
     </span>
     <span class='ocr_line' id='line_1_36' title="bbox 208 2123 1627 2173; baseline -0.005 -9"><span class='ocrx_word' id='word_1_289' title='bbox 208 2130 316 2165; x_wconf 76' lang='lat' dir='ltr'><strong>oculis</strong></span> <span class='ocrx_word' id='word_1_290' title='bbox 344 2130 492 2173; x_wconf 78' lang='lat' dir='ltr'><strong>afflarat</strong></span> <span class='ocrx_word' id='word_1_291' title='bbox 521 2129 676 2162; x_wconf 81' lang='lat' dir='ltr'><strong>honores.</strong></span> <span class='ocrx_word' id='word_1_292' title='bbox 723 2124 828 2160; x_wconf 90' lang='lat' dir='ltr'><strong>Idem</strong></span> <span class='ocrx_word' id='word_1_293' title='bbox 859 2123 997 2172; x_wconf 87' lang='lat' dir='ltr'><strong>Georg.</strong></span> <span class='ocrx_word' id='word_1_294' title='bbox 1027 2123 1079 2160; x_wconf 93' lang='grc' dir='ltr'><strong>ΙΙ.</strong></span> <span class='ocrx_word' id='word_1_295' title='bbox 1111 2128 1201 2160; x_wconf 79' lang='grc'>404.</span> <span class='ocrx_word' id='word_1_296' title='bbox 1245 2126 1340 2158; x_wconf 82' lang='lat' dir='ltr'><strong>silvis</strong></span> <span class='ocrx_word' id='word_1_297' title='bbox 1368 2125 1483 2168; x_wconf 78' lang='lat' dir='ltr'><strong>aquilo</strong></span> <span class='ocrx_word' id='word_1_298' title='bbox 1512 2125 1627 2158; x_wconf 81' lang='lat' dir='ltr'><strong>decus·</strong></span> 
     </span>
     <span class='ocr_line' id='line_1_37' title="bbox 208 2179 1627 2225; baseline -0.006 -5"><span class='ocrx_word' id='word_1_299' title='bbox 208 2187 254 2220; x_wconf 80' lang='lat' dir='ltr'><strong>sit</strong></span> <span class='ocrx_word' id='word_1_300' title='bbox 282 2186 458 2220; x_wconf 76' lang='lat' dir='ltr'><strong>honorem.</strong></span> <span class='ocrx_word' id='word_1_301' title='bbox 502 2180 594 2218; x_wconf 90' lang='lat' dir='ltr'><strong>Hor.</strong></span> <span class='ocrx_word' id='word_1_302' title='bbox 627 2181 701 2218; x_wconf 81' lang='lat' dir='ltr'><strong>Sat.</strong></span> <span class='ocrx_word' id='word_1_303' title='bbox 733 2179 783 2216; x_wconf 92' lang='lat' dir='ltr'><strong>II.</strong></span> <span class='ocrx_word' id='word_1_304' title='bbox 815 2184 848 2216; x_wconf 88' lang='grc'><strong>2.</strong></span> <span class='ocrx_word' id='word_1_305' title='bbox 883 2182 944 2215; x_wconf 89' lang='grc'><strong>28.</strong></span> <span class='ocrx_word' id='word_1_306' title='bbox 985 2183 1120 2225; x_wconf 75' lang='lat' dir='ltr'><strong>pavoni</strong></span> <span class='ocrx_word' id='word_1_307' title='bbox 1154 2185 1244 2214; x_wconf 88' lang='lat' dir='ltr'><strong>cocto</strong></span> <span class='ocrx_word' id='word_1_308' title='bbox 1280 2190 1362 2213; x_wconf 85' lang='lat' dir='ltr'><strong>num</strong></span> <span class='ocrx_word' id='word_1_309' title='bbox 1392 2180 1490 2213; x_wconf 80' lang='lat' dir='ltr'><strong>adest</strong></span> <span class='ocrx_word' id='word_1_310' title='bbox 1517 2180 1627 2213; x_wconf 81' lang='lat' dir='ltr'><strong>honor</strong></span> 
     </span>
     <span class='ocr_line' id='line_1_38' title="bbox 208 2231 1626 2283; baseline -0.006 -7"><span class='ocrx_word' id='word_1_311' title='bbox 208 2243 323 2275; x_wconf 52' lang='grc' dir='ltr'><strong>ἰάσω.)</strong></span> <span class='ocrx_word' id='word_1_312' title='bbox 353 2238 413 2275; x_wconf 80' lang='lat' dir='ltr'><strong>Ita</strong></span> <span class='ocrx_word' id='word_1_313' title='bbox 443 2238 478 2274; x_wconf 93' lang='lat' dir='ltr'><strong>h.</strong></span> <span class='ocrx_word' id='word_1_314' title='bbox 511 2236 534 2273; x_wconf 90' lang='lat' dir='ltr'><strong>l.</strong></span> <span class='ocrx_word' id='word_1_315' title='bbox 565 2235 712 2272; x_wconf 89' lang='lat' dir='ltr'>videtur</span> <span class='ocrx_word' id='word_1_316' title='bbox 741 2234 900 2283; x_wconf 88' lang='lat' dir='ltr'>quaestio</span> <span class='ocrx_word' id='word_1_317' title='bbox 930 2246 1008 2270; x_wconf 82' lang='lat' dir='ltr'><strong>esse</strong></span> <span class='ocrx_word' id='word_1_318' title='bbox 1038 2233 1083 2270; x_wconf 94' lang='lat' dir='ltr'><strong>de</strong></span> <span class='ocrx_word' id='word_1_319' title='bbox 1114 2239 1265 2270; x_wconf 83' lang='lat' dir='ltr'><strong>externo</strong></span> <span class='ocrx_word' id='word_1_320' title='bbox 1295 2231 1359 2269; x_wconf 89' lang='lat' dir='ltr'><strong>illo</strong></span> <span class='ocrx_word' id='word_1_321' title='bbox 1391 2236 1536 2275; x_wconf 82' lang='lat' dir='ltr'>ornatu,</span> <span class='ocrx_word' id='word_1_322' title='bbox 1564 2231 1626 2282; x_wconf 91' lang='lat' dir='ltr'>qui</span> 
     </span>
     <span class='ocr_line' id='line_1_39' title="bbox 209 2286 1428 2343; baseline -0.007 -12"><span class='ocrx_word' id='word_1_323' title='bbox 209 2297 246 2331; x_wconf 87' lang='lat' dir='ltr'>et</span> <span class='ocrx_word' id='word_1_324' title='bbox 276 2292 498 2343; x_wconf 86' lang='lat' dir='ltr'><strong>proceritate</strong></span> <span class='ocrx_word' id='word_1_325' title='bbox 528 2295 564 2328; x_wconf 89' lang='lat' dir='ltr'>et</span> <span class='ocrx_word' id='word_1_326' title='bbox 593 2290 711 2327; x_wconf 87' lang='lat' dir='ltr'><strong>forma</strong></span> <span class='ocrx_word' id='word_1_327' title='bbox 741 2302 783 2325; x_wconf 83' lang='lat' dir='ltr'><strong>ac</strong></span> <span class='ocrx_word' id='word_1_328' title='bbox 812 2288 931 2326; x_wconf 89' lang='lat' dir='ltr'><strong>nitore</strong></span> <span class='ocrx_word' id='word_1_329' title='bbox 962 2287 1125 2338; x_wconf 88' lang='lat' dir='ltr'><strong>corporis</strong></span> <span class='ocrx_word' id='word_1_330' title='bbox 1156 2286 1428 2324; x_wconf 85' lang='lat' dir='ltr'><strong>continebatur.</strong></span> 
     </span>
    </p>
   </div>
   <div class='ocr_carea' id='block_1_8' title="bbox 207 2352 1629 2673">
    <p class='ocr_par' dir='ltr' id='par_1_9' title="bbox 207 2352 1629 2565">
     <span class='ocr_line' id='line_1_40' title="bbox 319 2352 1623 2407; baseline -0.005 -13"><span class='ocrx_word' id='word_1_331' title='bbox 319 2362 453 2407; x_wconf 72' lang='lat' dir='ltr'><strong>ylaria:</strong></span> <span class='ocrx_word' id='word_1_332' title='bbox 483 2356 594 2395; x_wconf 82' lang='lat' dir='ltr'><strong>etiam</strong></span> <span class='ocrx_word' id='word_1_333' title='bbox 625 2355 694 2392; x_wconf 89' lang='lat' dir='ltr'><strong>hoc</strong></span> <span class='ocrx_word' id='word_1_334' title='bbox 725 2354 850 2392; x_wconf 79' lang='lat' dir='ltr'><strong>vocab.</strong></span> <span class='ocrx_word' id='word_1_335' title='bbox 880 2352 1025 2404; x_wconf 88' lang='lat' dir='ltr'><strong>poetico</strong></span> <span class='ocrx_word' id='word_1_336' title='bbox 1043 2366 1143 2390; x_wconf 86' lang='lat' dir='ltr'><strong>more</strong></span> <span class='ocrx_word' id='word_1_337' title='bbox 1167 2355 1386 2402; x_wconf 83' lang='lat' dir='ltr'><strong>usurpatum</strong></span> <span class='ocrx_word' id='word_1_338' title='bbox 1409 2355 1465 2388; x_wconf 88' lang='lat' dir='ltr'><strong>est</strong></span> <span class='ocrx_word' id='word_1_339' title='bbox 1480 2363 1546 2401; x_wconf 89' lang='lat' dir='ltr'><strong>pro</strong></span> <span class='ocrx_word' id='word_1_340' title='bbox 1574 2363 1623 2394; x_wconf 89' lang='lat' dir='ltr'><strong>re,</strong></span> 
     </span>
     <span class='ocr_line' id='line_1_41' title="bbox 211 2408 1629 2463; baseline -0.007 -11"><span class='ocrx_word' id='word_1_341' title='bbox 211 2414 309 2452; x_wconf 88' lang='lat' dir='ltr'>unde</span> <span class='ocrx_word' id='word_1_342' title='bbox 345 2413 464 2463; x_wconf 85' lang='lat' dir='ltr'><strong>gloria</strong></span> <span class='ocrx_word' id='word_1_343' title='bbox 501 2412 691 2462; x_wconf 86' lang='lat' dir='ltr'>accipitur.</span> <span class='ocrx_word' id='word_1_344' title='bbox 736 2409 848 2449; x_wconf 93' lang='lat' dir='ltr'>Ovid.</span> <span class='ocrx_word' id='word_1_345' title='bbox 886 2411 931 2446; x_wconf 92' lang='lat' dir='ltr'><strong>A.</strong></span> <span class='ocrx_word' id='word_1_346' title='bbox 962 2409 1008 2445; x_wconf 91' lang='lat' dir='ltr'><strong>A.</strong></span> <span class='ocrx_word' id='word_1_347' title='bbox 1047 2408 1077 2445; x_wconf 95' lang='grc' dir='ltr'><strong>Ι.</strong></span> <span class='ocrx_word' id='word_1_348' title='bbox 1117 2412 1207 2445; x_wconf 82' lang='grc'><strong>290.</strong></span> <span class='ocrx_word' id='word_1_349' title='bbox 1254 2411 1439 2449; x_wconf 78' lang='lat' dir='ltr'><strong>candidus,</strong></span> <span class='ocrx_word' id='word_1_350' title='bbox 1476 2412 1629 2443; x_wconf 77' lang='lat' dir='ltr'><strong>armenti</strong></span> 
     </span>
     <span class='ocr_line' id='line_1_42' title="bbox 207 2464 1626 2518; baseline -0.008 -10"><span class='ocrx_word' id='word_1_351' title='bbox 207 2474 340 2518; x_wconf 63' lang='lat' dir='ltr'><strong>,olor-ia,</strong></span> <span class='ocrx_word' id='word_1_352' title='bbox 370 2476 495 2506; x_wconf 79' lang='lat' dir='ltr'><strong>taurus</strong></span> <span class='ocrx_word' id='word_1_353' title='bbox 522 2474 609 2504; x_wconf 85' lang='lat' dir='ltr'><strong>erat.</strong></span> <span class='ocrx_word' id='word_1_354' title='bbox 638 2465 776 2503; x_wconf 83' lang='lat' dir='ltr'><strong>Tibull.</strong></span> <span class='ocrx_word' id='word_1_355' title='bbox 805 2464 872 2501; x_wconf 86' lang='lat' dir='ltr'><strong>IV.</strong></span> <span class='ocrx_word' id='word_1_356' title='bbox 909 2468 941 2502; x_wconf 88' lang='lat'><strong>1.</strong></span> <span class='ocrx_word' id='word_1_357' title='bbox 975 2467 1065 2501; x_wconf 89' lang='grc'><strong>208.</strong></span> <span class='ocrx_word' id='word_1_358' title='bbox 1097 2477 1155 2500; x_wconf 79' lang='lat' dir='ltr'><strong>seu</strong></span> <span class='ocrx_word' id='word_1_359' title='bbox 1184 2466 1281 2500; x_wconf 81' lang='lat' dir='ltr'>tardi</span> <span class='ocrx_word' id='word_1_360' title='bbox 1305 2467 1439 2508; x_wconf 83' lang='lat' dir='ltr'><strong>pecoris</strong></span> <span class='ocrx_word' id='word_1_361' title='bbox 1467 2466 1531 2498; x_wconf 78' lang='lat' dir='ltr'><strong>sim</strong></span> <span class='ocrx_word' id='word_1_362' title='bbox 1557 2465 1626 2509; x_wconf 83' lang='lat'><em>910-</em></span> 
     </span>
     <span class='ocr_line' id='line_1_43' title="bbox 208 2519 1625 2565; baseline -0.007 -2"><span class='ocrx_word' id='word_1_363' title='bbox 208 2530 266 2563; x_wconf 74' lang='lat' dir='ltr'><strong>ria</strong></span> <span class='ocrx_word' id='word_1_364' title='bbox 296 2533 433 2563; x_wconf 79' lang='lat' dir='ltr'><strong>taurus.</strong></span> <span class='ocrx_word' id='word_1_365' title='bbox 464 2524 550 2561; x_wconf 88' lang='lat' dir='ltr'><strong>Tac.</strong></span> <span class='ocrx_word' id='word_1_366' title='bbox 581 2523 654 2560; x_wconf 90' lang='lat' dir='ltr'><strong>An.</strong></span> <span class='ocrx_word' id='word_1_367' title='bbox 685 2520 761 2559; x_wconf 86' lang='lat'><strong>111.</strong></span> <span class='ocrx_word' id='word_1_368' title='bbox 795 2525 858 2558; x_wconf 83' lang='lat'><strong>45.</strong></span> <span class='ocrx_word' id='word_1_369' title='bbox 887 2532 1079 2557; x_wconf 80' lang='lat' dir='ltr'><strong>memorare</strong></span> <span class='ocrx_word' id='word_1_370' title='bbox 1108 2526 1258 2556; x_wconf 82' lang='lat' dir='ltr'><strong>veterum</strong></span> <span class='ocrx_word' id='word_1_371' title='bbox 1287 2519 1468 2555; x_wconf 66' lang='lat' dir='ltr'><strong>Gallorum</strong></span> <span class='ocrx_word' id='word_1_372' title='bbox 1482 2521 1625 2565; x_wconf 75' lang='lat' dir='ltr'><strong>qlorias.</strong></span> 
     </span>
    </p>

    <p class='ocr_par' dir='ltr' id='par_1_10' title="bbox 207 2574 1628 2673">
     <span class='ocr_line' id='line_1_44' title="bbox 320 2574 1628 2626; baseline -0.006 -9"><span class='ocrx_word' id='word_1_373' title='bbox 320 2581 473 2617; x_wconf 80' lang='lat' dir='ltr'><strong>Numero</strong></span> <span class='ocrx_word' id='word_1_374' title='bbox 501 2582 670 2626; x_wconf 74' lang='lat' dir='ltr'><strong>qaudent:</strong></span> <span class='ocrx_word' id='word_1_375' title='bbox 714 2575 821 2614; x_wconf 84' lang='lat' dir='ltr'><strong>Cons.</strong></span> <span class='ocrx_word' id='word_1_376' title='bbox 852 2576 945 2614; x_wconf 84' lang='lat' dir='ltr'><strong>Caes.</strong></span> <span class='ocrx_word' id='word_1_377' title='bbox 977 2575 1019 2612; x_wconf 92' lang='lat' dir='ltr'><strong>B.</strong></span> <span class='ocrx_word' id='word_1_378' title='bbox 1050 2574 1095 2611; x_wconf 89' lang='lat' dir='ltr'><strong>G.</strong></span> <span class='ocrx_word' id='word_1_379' title='bbox 1126 2574 1193 2611; x_wconf 91' lang='lat' dir='ltr'><strong>IV.</strong></span> <span class='ocrx_word' id='word_1_380' title='bbox 1224 2578 1260 2611; x_wconf 87' lang='grc'><strong>2.</strong></span> <span class='ocrx_word' id='word_1_381' title='bbox 1288 2576 1466 2619; x_wconf 79' lang='lat' dir='ltr'><strong>jumenta,</strong></span> <span class='ocrx_word' id='word_1_382' title='bbox 1507 2575 1628 2619; x_wconf 77' lang='lat' dir='ltr'><strong>quibus</strong></span> 
     </span>
     <span class='ocr_line' id='line_1_45' title="bbox 207 2635 730 2673; baseline -0.01 -1"><span class='ocrx_word' id='word_1_383' title='bbox 207 2637 362 2673; x_wconf 71' lang='lat' dir='ltr'><strong>mawime</strong></span> <span class='ocrx_word' id='word_1_384' title='bbox 390 2635 485 2672; x_wconf 75' lang='lat' dir='ltr'><strong>Gaui</strong></span> <span class='ocrx_word' id='word_1_385' title='bbox 510 2636 730 2670; x_wconf 79' lang='lat' dir='ltr'><strong>delectamur.</strong></span> 
     </span>
    </p>
   </div>
  </div>
 </body>
</html>
