1852 3211
273 180 333 223 28

314 294 446 328 solove:
484 290 507 327 i.
538 303 569 328 e.
603 288 659 326 vel
705 287 796 326 caelo
843 286 899 324 vel
945 286 1037 325 solo.
1100 284 1194 324 Vide
1239 285 1363 324 Boett.
1409 284 1500 324 Lex.
1544 284 1633 323 Tuo.

202 347 286 384 sub.
319 360 350 384 v.
380 354 452 383 aut.
511 346 618 384 Conf.
650 344 753 393 Vir-g.
783 344 877 381 Aen.
910 342 974 379 VI.
1008 346 1098 380 769.
1157 343 1289 379 Aeneas
1331 345 1468 388 pariter
1505 345 1636 388 pietate

203 407 255 439 vol
283 407 394 439 armis
423 406 588 449 egregius.

807 588 925 638 CAP.
971 589 1029 637 V.

316 729 497 771 aliquanto
525 730 635 771 specie
664 728 789 771 differt,
819 729 854 760 in
885 728 1084 760 universum
1114 730 1250 759 tamen:
1281 735 1359 759 voc.
1388 726 1571 768 aliquanto
1592 722 1635 759 F.

208 782 255 818 A.
286 780 405 817 Wolff
432 780 478 817 ad
509 781 661 818 Sueton.
699 780 793 818 Caes.
832 792 911 829 cap.
961 783 1020 816 13.
1066 778 1193 822 docet,
1239 778 1392 815 incertae
1436 776 1636 827 potestatis

208 849 298 879 esse,
330 835 425 872 sicut
448 841 609 884 cognata
627 835 806 872 vocabula
822 839 966 881 aliquis,
996 837 1224 880 aliquamdiu,
1254 837 1395 879 aliquot.
1439 831 1635 882 Significat

209 892 325 941 igitur
357 891 390 927 h.
424 903 457 926 ν.
488 890 651 927 medium
684 890 864 941 quiddam
897 890 993 926 inter
1028 893 1173 925 multum
1203 894 1240 926 et
1269 892 1433 935 paulum,
1464 887 1529 925 sed
1562 887 1636 932 ita,

209 950 250 983 ut
280 946 327 983 ad
359 958 469 982 uuam
502 951 567 982 aut
596 945 751 981 alteram
788 951 928 993 partem
961 945 1113 993 propius
1143 943 1312 993 accedat,
1344 947 1455 993 prout
1485 947 1638 984 senten-

209 1001 259 1039 tia
291 1000 408 1038 totius
439 1000 712 1038 enunciationis
743 999 941 1038 desiderat.
975 999 1080 1038 Conf.
1108 999 1184 1037 Cic.
1216 998 1262 1036 de
1293 998 1375 1037 Fin.
1405 998 1455 1036 II.
1493 1002 1553 1037 14.
1575 1002 1637 1036 45.

207 1058 307 1101 Quod
334 1061 436 1103 quale
464 1062 527 1102 sic,
557 1070 628 1093 nou
657 1064 728 1093 tam
758 1061 969 1102 definitione,
1000 1069 1069 1102 qua
1099 1069 1175 1092 sum
1205 1068 1308 1098 usus,
1339 1059 1483 1101 intelliqi
1515 1061 1638 1101 potest,

208 1125 419 1158 quamquam
450 1115 667 1158 aliquantum
696 1119 826 1157 potest,
856 1124 961 1157 quam
992 1115 1164 1147 communi
1190 1115 1340 1147 omnium
1358 1113 1498 1155 judicio.
1529 1109 1637 1147 Idem

208 1168 348 1204 Brutus
378 1179 458 1215 cap.
491 1170 554 1202 70.
594 1170 685 1203 278.
746 1167 825 1202 Non
855 1171 942 1202 istuc
978 1171 1118 1212 iquoro,
1158 1169 1281 1202 multos
1307 1167 1436 1211 fuisse,
1474 1167 1535 1211 qui
1562 1177 1639 1201 ver·
1678 1184 1680 1186 v

207 1227 285 1259 bum
315 1235 505 1268 numquam
535 1227 570 1257 in
599 1225 732 1267 publico
758 1226 935 1267 fecissent,
980 1234 1084 1268 quum
1122 1224 1240 1257 melius
1269 1225 1450 1267 aliquanto
1476 1227 1638 1266 possent,

208 1291 311 1323 quam
349 1282 406 1313 isli
440 1285 617 1319 oratores,
657 1290 741 1322 quos
772 1281 908 1322 colliqo,
940 1281 1060 1313 dicere.
1092 1290 1124 1311 v.
1158 1289 1188 1312 v.
1220 1280 1401 1321 aliquanto
1431 1280 1467 1313 et
1496 1280 1533 1311 in
1563 1280 1639 1311 uni-

207 1345 344 1368 versum
376 1331 550 1367 videntur
581 1330 671 1367 mihi
702 1330 736 1367 h.
768 1331 792 1368 l.
825 1331 997 1380 opposita
1027 1343 1105 1367 esse
1131 1336 1166 1366 et
1191 1343 1269 1367 voc.
1293 1336 1401 1376 specie
1428 1329 1474 1366 ad
1492 1335 1639 1367 utrum-

207 1400 277 1438 que
308 1385 612 1437 quoddammodo
644 1386 846 1436 pertinere3
894 1386 971 1436 ipse
1015 1385 1209 1423 verborum
1242 1385 1335 1423 ordo
1365 1385 1515 1423 videtur
1546 1384 1638 1423 mihi

209 1444 277 1479 hoc
306 1442 467 1478 indicare
499 1462 553 1467 —
583 1448 691 1487 specie
721 1442 799 1478 haec
831 1455 901 1478 vox
933 1442 1080 1491 proprie
1111 1441 1299 1490 signifieat
1343 1441 1421 1484 '’id,
1460 1441 1561 1490 quod
1598 1441 1636 1477 in

208 1510 352 1548 quaque
384 1510 420 1534 re
451 1496 681 1534 extrinsecus
711 1504 886 1547 apparet,
932 1497 1032 1548 quod
1064 1497 1212 1534 videtur
1248 1496 1398 1534 oculis”.
1444 1497 1640 1535 Forcellt‘m'.

207 1554 314 1592 Conf.
347 1553 445 1589 Hist.
478 1552 509 1587 V
557 1557 590 1589 7.
637 1562 836 1599 terramque
865 1559 996 1599 ipsam,
1036 1559 1145 1599 specie
1176 1557 1368 1595 torridam,
1399 1558 1468 1589 vim
1495 1558 1641 1600 sruqife-

206 1622 285 1644 ram
314 1612 504 1654 perdidisse
534 1613 687 1652 (ferunt).

318 1664 470 1709 Differt:
502 1662 570 1700 hoc
603 1663 753 1700 verbum
786 1663 957 1700 absolute
988 1663 1149 1713 positum
1182 1669 1256 1706 est;
1295 1662 1457 1712 intelligi
1496 1667 1638 1713 potest:

206 1733 228 1755 α
258 1724 383 1764 specie,
415 1731 519 1763 quam
547 1722 676 1764 proebet
705 1724 855 1755 ommno.

317 1779 352 1809 in
389 1781 610 1809 universum:
655 1773 737 1811 Hac
774 1773 962 1811 locutione
999 1773 1129 1811 Cicero
1176 1786 1378 1824 numquam
1426 1774 1562 1817 unitum
1608 1774 1641 1811 is

206 1829 303 1866 euim
335 1829 437 1873 dicit,
468 1834 644 1873 universe,
675 1835 823 1866 omnino.
885 1829 996 1879 Apud
1029 1828 1250 1866 Sallustium
1277 1835 1401 1865 autem
1426 1834 1462 1866 et
1487 1829 1638 1866 Livium

206 1890 242 1922 et
273 1884 460 1935 praecipue
491 1884 588 1934 apud
622 1889 750 1935 poetas
781 1891 817 1921 et
849 1885 1072 1935 posteriores
1104 1897 1224 1934 prosae
1266 1884 1448 1922 orationis
1479 1884 1641 1935 scripto-

205 1953 262 1978 res
293 1953 391 1990 saepe
423 1940 658 1991 reperiuntur
690 1954 755 1991 pro
786 1940 973 1978 adverbiis
996 1940 1178 1989 adjectiva
1204 1953 1286 1977 cum
1312 1945 1347 1977 in
1373 1940 1640 1991 praepositione

206 1996 417 2046 conjuncta.
463 1997 569 2034 Conf.
600 1996 697 2034 infra
739 2010 807 2046 cap
853 1999 915 2033 27.
985 1999 1063 2033 Hoec
1105 2001 1140 2032 in
1183 2010 1361 2033 commuue
1403 2001 1445 2032 de
1487 2001 1639 2033 omnium

206 2054 460 2089 Germanorum
492 2056 626 2101 o›·i9ine
655 2066 698 2089 ac
727 2056 880 2089 moribus
910 2057 1113 2099 accepimus.
1146 2052 1243 2089 Ibid.
1274 2065 1342 2102 cap
1388 2057 1449 2090 45.
1490 2054 1529 2089 In
1558 2056 1641 2090 tan-

206 2117 276 2144 tum
306 2121 375 2143 non
409 2112 506 2144 modo
536 2122 558 2144 a
589 2112 763 2152 libertale,
807 2113 865 2145 sed
895 2114 999 2146 eciam
1029 2122 1051 2143 a
1089 2113 1253 2144 servitute
1290 2112 1511 2155 doyenerant.
1558 2108 1639 2145 Liv.

206 2163 274 2201 IX.
308 2167 369 2200 26.
403 2168 436 2200 8.
498 2165 577 2200 Non
614 2169 818 2201 nominatim
855 2169 914 2210 qui
948 2165 1097 2210 Gapuae‚
1142 2167 1201 2200 sed
1237 2169 1273 2199 in
1316 2168 1537 2206 universum,
1582 2167 1644 2210 qui

206 2233 352 2265 usquam
390 2225 545 2256 coissent.
606 2219 703 2257 Vide
742 2221 787 2257 de
828 2220 895 2257 hac
932 2233 969 2256 re
1007 2219 1149 2268 Reisig.
1191 2219 1450 2269 Vorlesungen
1489 2222 1513 2264 ᾗ
1547 2223 1638 2257 408.

317 2278 481 2311 horrida.-
513 2275 735 2312 Conf.H01·.
769 2275 842 2313 Od.
876 2275 943 2312 IV.
978 2281 1011 2312 5.
1046 2279 1094 2312 26
1168 2276 1254 2319 Quis
1281 2282 1413 2321 paveat
1442 2288 1528 2322 quos
1556 2276 1641 2311 Ger·

206 2335 323 2366 mania
356 2332 500 2366 horrida
530 2336 687 2376 parturit
714 2337 816 2376 secus,
849 2335 1010 2367 incolumi
1037 2333 1202 2367 Coesare?

316 2389 506 2422 humidior:
538 2391 689 2436 propter
721 2387 986 2424 inundationes
1018 2386 1142 2424 Rheni
1172 2385 1445 2436 fluviorumque
1467 2385 1640 2436 quosille

206 2442 355 2491 excipit.

317 2502 508 2534 ventosior:
539 2510 610 2547 qua
642 2498 688 2535 ad
714 2498 895 2535 Noricum
922 2502 958 2535 et
975 2497 1207 2536 Pannoniam
1228 2498 1406 2547 vergebat
1423 2497 1640 2542 Germania,

204 2558 310 2590 eraut
356 2553 435 2590 loca
482 2554 639 2591 editiora
685 2559 721 2590 et
766 2559 983 2597 montuosa,
1022 2566 1106 2604 quae
1146 2554 1266 2591 ventis
1299 2553 1642 2591 vehementioribus

207 2609 395 2657 patebant.
471 2610 518 2645 Et
563 2610 734 2646 Tacitum
780 2610 929 2647 eredere
976 2615 1107 2646 ventos
1151 2609 1280 2647 arduis
1325 2609 1519 2646 montibus
1570 2608 1639 2653 ali,

208 2664 353 2700 videtur
398 2665 586 2713 Agricolae
637 2678 715 2715 cap.
767 2670 826 2702 10.
899 2666 951 2701 Ne
996 2670 1105 2702 ventis
1149 2669 1284 2712 quide-m
1336 2668 1482 2712 perinde
1529 2668 1644 2702 attolle·
