<?xml version="1.0" encoding="UTF-8"?>
<!DOCTYPE html PUBLIC "-//W3C//DTD XHTML 1.0 Transitional//EN"
    "http://www.w3.org/TR/xhtml1/DTD/xhtml1-transitional.dtd">
<html xmlns="http://www.w3.org/1999/xhtml" xml:lang="en" lang="en">
 <head>
  <title>
</title>
<meta http-equiv="Content-Type" content="text/html;charset=utf-8" />
  <meta name='ocr-system' content='tesseract 3.04.00' />
  <meta name='ocr-capabilities' content='ocr_page ocr_carea ocr_par ocr_line ocrx_word'/>
</head>
<body>
  <div class='ocr_page' id='page_1' title='image "./4630628_0009.png"; bbox 0 0 1852 3211; ppageno 0'>
   <div class='ocr_carea' id='block_1_1' title="bbox 0 0 416 660">
    <p class='ocr_par' dir='ltr' id='par_1_1' title="bbox 0 0 416 660">
     <span class='ocr_line' id='line_1_1' title="bbox 0 0 416 660; baseline 0 0"><span class='ocrx_word' id='word_1_1' title='bbox 0 0 416 660; x_wconf 95' lang='lat' dir='ltr'>  </span> 
     </span>
    </p>
   </div>
   <div class='ocr_carea' id='block_1_2' title="bbox 188 557 1619 2403">
    <p class='ocr_par' dir='ltr' id='par_1_2' title="bbox 190 557 1619 848">
     <span class='ocr_line' id='line_1_2' title="bbox 190 557 1619 649; baseline 0.001 -15"><span class='ocrx_word' id='word_1_2' title='bbox 190 557 440 634; x_wconf 81' lang='lat' dir='ltr'>Cornelius</span> <span class='ocrx_word' id='word_1_3' title='bbox 475 589 652 633; x_wconf 87' lang='lat' dir='ltr'>Tacitus</span> <span class='ocrx_word' id='word_1_4' title='bbox 679 590 936 634; x_wconf 87' lang='lat' dir='ltr'>Interamnae</span> <span class='ocrx_word' id='word_1_5' title='bbox 962 593 1003 635; x_wconf 90' lang='lat' dir='ltr'>in</span> <span class='ocrx_word' id='word_1_6' title='bbox 1031 593 1191 649; x_wconf 90' lang='lat' dir='ltr'>oppido</span> <span class='ocrx_word' id='word_1_7' title='bbox 1217 592 1411 636; x_wconf 86' lang='lat' dir='ltr'>Umbriae</span> <span class='ocrx_word' id='word_1_8' title='bbox 1429 593 1619 649; x_wconf 79' lang='lat' dir='ltr'>equestri</span> 
     </span>
     <span class='ocr_line' id='line_1_3' title="bbox 191 657 1619 714; baseline 0.001 -13"><span class='ocrx_word' id='word_1_9' title='bbox 191 659 286 701; x_wconf 87' lang='lat' dir='ltr'>loco</span> <span class='ocrx_word' id='word_1_10' title='bbox 321 664 446 701; x_wconf 87' lang='lat' dir='ltr'>natus</span> <span class='ocrx_word' id='word_1_11' title='bbox 482 673 573 701; x_wconf 90' lang='lat' dir='ltr'>esse</span> <span class='ocrx_word' id='word_1_12' title='bbox 610 665 798 714; x_wconf 82' lang='lat' dir='ltr'>putat-ur.</span> <span class='ocrx_word' id='word_1_13' title='bbox 855 657 953 713; x_wconf 85' lang='lat' dir='ltr'>Quo</span> <span class='ocrx_word' id='word_1_14' title='bbox 983 675 1098 702; x_wconf 82' lang='lat' dir='ltr'>anno</span> <span class='ocrx_word' id='word_1_15' title='bbox 1135 667 1258 703; x_wconf 85' lang='lat' dir='ltr'>natus</span> <span class='ocrx_word' id='word_1_16' title='bbox 1286 661 1354 709; x_wconf 88' lang='lat' dir='ltr'>sit,</span> <span class='ocrx_word' id='word_1_17' title='bbox 1391 661 1503 703; x_wconf 88' lang='lat' dir='ltr'>inter</span> <span class='ocrx_word' id='word_1_18' title='bbox 1540 661 1619 703; x_wconf 93' lang='lat' dir='ltr'>do-</span> 
     </span>
     <span class='ocr_line' id='line_1_4' title="bbox 191 726 1619 776; baseline 0.001 -8"><span class='ocrx_word' id='word_1_19' title='bbox 191 726 399 768; x_wconf 85' lang='lat' dir='ltr'>ctissimos</span> <span class='ocrx_word' id='word_1_20' title='bbox 453 726 565 767; x_wconf 90' lang='lat' dir='ltr'>viros</span> <span class='ocrx_word' id='word_1_21' title='bbox 618 741 703 767; x_wconf 89' lang='lat' dir='ltr'>non</span> <span class='ocrx_word' id='word_1_22' title='bbox 739 727 841 768; x_wconf 83' lang='lat' dir='ltr'>satis</span> <span class='ocrx_word' id='word_1_23' title='bbox 880 734 1059 776; x_wconf 81' lang='lat' dir='ltr'>constat,</span> <span class='ocrx_word' id='word_1_24' title='bbox 1097 728 1173 769; x_wconf 89' lang='lat' dir='ltr'>sed</span> <span class='ocrx_word' id='word_1_25' title='bbox 1210 728 1378 770; x_wconf 90' lang='lat' dir='ltr'>videtur</span> <span class='ocrx_word' id='word_1_26' title='bbox 1414 729 1449 769; x_wconf 89' lang='lat' dir='ltr'>is</span> <span class='ocrx_word' id='word_1_27' title='bbox 1487 728 1619 771; x_wconf 84' lang='lat' dir='ltr'>fuisse</span> 
     </span>
     <span class='ocr_line' id='line_1_5' title="bbox 191 791 690 848; baseline -0.002 -13"><span class='ocrx_word' id='word_1_28' title='bbox 191 809 330 836; x_wconf 82' lang='lat' dir='ltr'>annus</span> <span class='ocrx_word' id='word_1_29' title='bbox 371 792 430 834; x_wconf 72' lang='lat'>54</span> <span class='ocrx_word' id='word_1_30' title='bbox 470 808 511 848; x_wconf 82' lang='lat' dir='ltr'>p.</span> <span class='ocrx_word' id='word_1_31' title='bbox 549 791 690 847; x_wconf 80' lang='lat' dir='ltr'><strong>Ch.¹).</strong></span> 
     </span>
    </p>

    <p class='ocr_par' dir='ltr' id='par_1_3' title="bbox 188 855 1619 1728">
     <span class='ocr_line' id='line_1_6' title="bbox 327 855 1619 919; baseline 0.002 -17"><span class='ocrx_word' id='word_1_32' title='bbox 327 855 572 916; x_wconf 81' lang='lat' dir='ltr'><strong>Diligenter</strong></span> <span class='ocrx_word' id='word_1_33' title='bbox 608 875 703 902; x_wconf 88' lang='lat' dir='ltr'>eum</span> <span class='ocrx_word' id='word_1_34' title='bbox 742 862 855 903; x_wconf 90' lang='lat' dir='ltr'>omni</span> <span class='ocrx_word' id='word_1_35' title='bbox 893 877 943 903; x_wconf 87' lang='lat' dir='ltr'>ea</span> <span class='ocrx_word' id='word_1_36' title='bbox 979 861 1219 919; x_wconf 85' lang='lat' dir='ltr'>disciplina,</span> <span class='ocrx_word' id='word_1_37' title='bbox 1263 877 1351 918; x_wconf 89' lang='lat' dir='ltr'>qua</span> <span class='ocrx_word' id='word_1_38' title='bbox 1386 862 1459 903; x_wconf 84' lang='lat' dir='ltr'>illa</span> <span class='ocrx_word' id='word_1_39' title='bbox 1496 869 1619 904; x_wconf 84' lang='lat' dir='ltr'>aetate</span> 
     </span>
     <span class='ocr_line' id='line_1_7' title="bbox 191 927 1618 986; baseline 0.001 -16"><span class='ocrx_word' id='word_1_40' title='bbox 191 929 313 984; x_wconf 89' lang='lat' dir='ltr'>pueri</span> <span class='ocrx_word' id='word_1_41' title='bbox 368 929 429 969; x_wconf 88' lang='lat' dir='ltr'>uti</span> <span class='ocrx_word' id='word_1_42' title='bbox 483 927 691 977; x_wconf 88' lang='lat' dir='ltr'>solebant,</span> <span class='ocrx_word' id='word_1_43' title='bbox 736 930 974 973; x_wconf 85' lang='lat' dir='ltr'>institutum</span> <span class='ocrx_word' id='word_1_44' title='bbox 1013 930 1155 979; x_wconf 89' lang='lat' dir='ltr'>fuisse,</span> <span class='ocrx_word' id='word_1_45' title='bbox 1195 931 1329 972; x_wconf 84' lang='lat' dir='ltr'>multa</span> <span class='ocrx_word' id='word_1_46' title='bbox 1365 930 1408 971; x_wconf 91' lang='lat' dir='ltr'>in</span> <span class='ocrx_word' id='word_1_47' title='bbox 1445 930 1618 986; x_wconf 86' lang='lat' dir='ltr'>scriptis</span> 
     </span>
     <span class='ocr_line' id='line_1_8' title="bbox 190 996 1618 1052; baseline 0.002 -15"><span class='ocrx_word' id='word_1_48' title='bbox 190 997 283 1052; x_wconf 89' lang='lat' dir='ltr'>ejus</span> <span class='ocrx_word' id='word_1_49' title='bbox 319 1005 419 1038; x_wconf 81' lang='lat' dir='ltr'>sunt.</span> <span class='ocrx_word' id='word_1_50' title='bbox 456 1004 586 1051; x_wconf 83' lang='lat' dir='ltr'>atque</span> <span class='ocrx_word' id='word_1_51' title='bbox 623 998 830 1052; x_wconf 85' lang='lat' dir='ltr'>praeclara</span> <span class='ocrx_word' id='word_1_52' title='bbox 867 998 1136 1040; x_wconf 84' lang='lat' dir='ltr'>documenta.</span> <span class='ocrx_word' id='word_1_53' title='bbox 1194 996 1424 1052; x_wconf 84' lang='lat' dir='ltr'>Quomodo</span> <span class='ocrx_word' id='word_1_54' title='bbox 1461 1005 1618 1048; x_wconf 82' lang='lat' dir='ltr'>autem,</span> 
     </span>
     <span class='ocr_line' id='line_1_9' title="bbox 191 1064 1618 1121; baseline 0.001 -15"><span class='ocrx_word' id='word_1_55' title='bbox 191 1079 323 1119; x_wconf 91' lang='lat' dir='ltr'>quum</span> <span class='ocrx_word' id='word_1_56' title='bbox 371 1064 425 1105; x_wconf 82' lang='lat' dir='ltr'>ad</span> <span class='ocrx_word' id='word_1_57' title='bbox 478 1064 783 1120; x_wconf 84' lang='lat' dir='ltr'>rempublicam</span> <span class='ocrx_word' id='word_1_58' title='bbox 830 1067 1086 1115; x_wconf 80' lang='lat' dir='ltr'>accessisset,</span> <span class='ocrx_word' id='word_1_59' title='bbox 1140 1066 1312 1121; x_wconf 84' lang='lat' dir='ltr'>singula</span> <span class='ocrx_word' id='word_1_60' title='bbox 1365 1066 1402 1107; x_wconf 90' lang='lat' dir='ltr'>ei</span> <span class='ocrx_word' id='word_1_61' title='bbox 1462 1080 1618 1108; x_wconf 90' lang='lat' dir='ltr'>evene—</span> 
     </span>
     <span class='ocr_line' id='line_1_10' title="bbox 190 1130 1618 1188; baseline 0.001 -16"><span class='ocrx_word' id='word_1_62' title='bbox 190 1132 288 1180; x_wconf 83' lang='lat' dir='ltr'>rint,</span> <span class='ocrx_word' id='word_1_63' title='bbox 326 1130 496 1173; x_wconf 76' lang='lat' dir='ltr'>difficile</span> <span class='ocrx_word' id='word_1_64' title='bbox 532 1141 595 1172; x_wconf 86' lang='lat' dir='ltr'>est</span> <span class='ocrx_word' id='word_1_65' title='bbox 623 1132 845 1188; x_wconf 81' lang='lat' dir='ltr'>persequi3</span> <span class='ocrx_word' id='word_1_66' title='bbox 881 1132 971 1188; x_wconf 89' lang='lat' dir='ltr'>ipse</span> <span class='ocrx_word' id='word_1_67' title='bbox 1009 1133 1124 1183; x_wconf 83' lang='lat' dir='ltr'>dicit,</span> <span class='ocrx_word' id='word_1_68' title='bbox 1159 1133 1269 1175; x_wconf 76' lang='lat' dir='ltr'>Hist.</span> <span class='ocrx_word' id='word_1_69' title='bbox 1305 1133 1342 1174; x_wconf 86' lang='lat' dir='ltr'>I.</span> <span class='ocrx_word' id='word_1_70' title='bbox 1364 1135 1412 1174; x_wconf 90' lang='grc'>1.·</span> <span class='ocrx_word' id='word_1_71' title='bbox 1439 1132 1618 1188; x_wconf 79' lang='lat' dir='ltr'>»Di9ni-</span> 
     </span>
     <span class='ocr_line' id='line_1_11' title="bbox 188 1199 1618 1256; baseline 0.001 -16"><span class='ocrx_word' id='word_1_72' title='bbox 188 1206 310 1241; x_wconf 75' lang='lat' dir='ltr'>tatem</span> <span class='ocrx_word' id='word_1_73' title='bbox 343 1206 523 1240; x_wconf 77' lang='lat' dir='ltr'>nostram</span> <span class='ocrx_word' id='word_1_74' title='bbox 557 1214 583 1239; x_wconf 86' lang='lat' dir='ltr'><em>a</em></span> <span class='ocrx_word' id='word_1_75' title='bbox 627 1199 871 1256; x_wconf 77' lang='lat' dir='ltr'>Vespasiano</span> <span class='ocrx_word' id='word_1_76' title='bbox 912 1200 1154 1250; x_wconf 75' lang='lat' dir='ltr'>inchoatam,</span> <span class='ocrx_word' id='word_1_77' title='bbox 1198 1217 1225 1242; x_wconf 85' lang='lat' dir='ltr'><em>a</em></span> <span class='ocrx_word' id='word_1_78' title='bbox 1266 1201 1354 1242; x_wconf 77' lang='lat' dir='ltr'>Tito</span> <span class='ocrx_word' id='word_1_79' title='bbox 1388 1207 1561 1250; x_wconf 80' lang='lat' dir='ltr'>auctam,</span> <span class='ocrx_word' id='word_1_80' title='bbox 1591 1216 1618 1242; x_wconf 84' lang='lat' dir='ltr'><em>a</em></span> 
     </span>
     <span class='ocr_line' id='line_1_12' title="bbox 188 1266 1619 1324; baseline 0.001 -15"><span class='ocrx_word' id='word_1_81' title='bbox 188 1266 431 1309; x_wconf 77' lang='lat' dir='ltr'>Domitiano</span> <span class='ocrx_word' id='word_1_82' title='bbox 466 1266 625 1322; x_wconf 72' lang='lat' dir='ltr'>lonyius</span> <span class='ocrx_word' id='word_1_83' title='bbox 656 1275 887 1323; x_wconf 75' lang='lat' dir='ltr'>provectam</span> <span class='ocrx_word' id='word_1_84' title='bbox 911 1283 991 1309; x_wconf 77' lang='lat' dir='ltr'>non</span> <span class='ocrx_word' id='word_1_85' title='bbox 1017 1268 1263 1318; x_wconf 71' lang='lat' dir='ltr'>abnuerim»,</span> <span class='ocrx_word' id='word_1_86' title='bbox 1291 1268 1407 1324; x_wconf 89' lang='lat' dir='ltr'>quod</span> <span class='ocrx_word' id='word_1_87' title='bbox 1427 1268 1468 1310; x_wconf 93' lang='lat' dir='ltr'>N</span> <span class='ocrx_word' id='word_1_88' title='bbox 1472 1268 1619 1324; x_wconf 88' lang='lat' dir='ltr'>ipper-</span> 
     </span>
     <span class='ocr_line' id='line_1_13' title="bbox 189 1334 1615 1391; baseline 0.001 -16"><span class='ocrx_word' id='word_1_89' title='bbox 189 1334 326 1389; x_wconf 88' lang='lat' dir='ltr'>deyus</span> <span class='ocrx_word' id='word_1_90' title='bbox 362 1342 476 1376; x_wconf 87' lang='lat' dir='ltr'>recte</span> <span class='ocrx_word' id='word_1_91' title='bbox 513 1334 685 1389; x_wconf 89' lang='lat' dir='ltr'>quidem</span> <span class='ocrx_word' id='word_1_92' title='bbox 725 1336 816 1377; x_wconf 91' lang='lat' dir='ltr'>sine</span> <span class='ocrx_word' id='word_1_93' title='bbox 854 1336 983 1377; x_wconf 88' lang='lat' dir='ltr'>dubio</span> <span class='ocrx_word' id='word_1_94' title='bbox 1011 1344 1153 1377; x_wconf 87' lang='lat' dir='ltr'>censet</span> <span class='ocrx_word' id='word_1_95' title='bbox 1180 1336 1394 1391; x_wconf 85' lang='lat' dir='ltr'>respicere</span> <span class='ocrx_word' id='word_1_96' title='bbox 1431 1335 1615 1377; x_wconf 88' lang='lat' dir='ltr'>honores</span> 
     </span>
     <span class='ocr_line' id='line_1_14' title="bbox 190 1398 1613 1454; baseline 0.001 -12"><span class='ocrx_word' id='word_1_97' title='bbox 190 1401 286 1443; x_wconf 87' lang='lat' dir='ltr'>illos</span> <span class='ocrx_word' id='word_1_98' title='bbox 309 1398 593 1454; x_wconf 82' lang='lat' dir='ltr'>Quaesturam,</span> <span class='ocrx_word' id='word_1_99' title='bbox 618 1401 892 1444; x_wconf 86' lang='lat' dir='ltr'>AEdilitatem</span> <span class='ocrx_word' id='word_1_100' title='bbox 923 1403 991 1444; x_wconf 90' lang='lat' dir='ltr'>vel</span> <span class='ocrx_word' id='word_1_101' title='bbox 1026 1402 1326 1451; x_wconf 78' lang='lat' dir='ltr'>Tribunatum,</span> <span class='ocrx_word' id='word_1_102' title='bbox 1364 1402 1613 1444; x_wconf 85' lang='lat' dir='ltr'>Praeturam.</span> 
     </span>
     <span class='ocr_line' id='line_1_15' title="bbox 190 1467 1616 1525; baseline 0 -15"><span class='ocrx_word' id='word_1_103' title='bbox 190 1468 358 1510; x_wconf 88' lang='lat' dir='ltr'>Praetor</span> <span class='ocrx_word' id='word_1_104' title='bbox 386 1477 497 1510; x_wconf 83' lang='lat' dir='ltr'>certe</span> <span class='ocrx_word' id='word_1_105' title='bbox 527 1470 606 1510; x_wconf 87' lang='lat' dir='ltr'>fuit</span> <span class='ocrx_word' id='word_1_106' title='bbox 635 1484 748 1512; x_wconf 87' lang='lat' dir='ltr'>anno</span> <span class='ocrx_word' id='word_1_107' title='bbox 771 1469 891 1525; x_wconf 87' lang='lat'>88²),</span> <span class='ocrx_word' id='word_1_108' title='bbox 930 1467 1093 1512; x_wconf 88' lang='lat' dir='ltr'>Consul</span> <span class='ocrx_word' id='word_1_109' title='bbox 1119 1485 1154 1511; x_wconf 88' lang='lat' dir='ltr'>a.</span> <span class='ocrx_word' id='word_1_110' title='bbox 1186 1469 1260 1511; x_wconf 88' lang='lat'>97.</span> <span class='ocrx_word' id='word_1_111' title='bbox 1289 1469 1393 1512; x_wconf 88' lang='lat' dir='ltr'>Post</span> <span class='ocrx_word' id='word_1_112' title='bbox 1414 1486 1481 1513; x_wconf 83' lang='lat' dir='ltr'>an.</span> <span class='ocrx_word' id='word_1_113' title='bbox 1508 1467 1616 1520; x_wconf 83' lang='grc'><strong>400,</strong></span> 
     </span>
     <span class='ocr_line' id='line_1_16' title="bbox 191 1537 1616 1593; baseline 0.001 -16"><span class='ocrx_word' id='word_1_114' title='bbox 191 1551 279 1593; x_wconf 93' lang='lat' dir='ltr'>quo</span> <span class='ocrx_word' id='word_1_115' title='bbox 315 1537 488 1592; x_wconf 87' lang='lat' dir='ltr'>quidem</span> <span class='ocrx_word' id='word_1_116' title='bbox 516 1551 630 1578; x_wconf 85' lang='lat' dir='ltr'>anno</span> <span class='ocrx_word' id='word_1_117' title='bbox 660 1553 683 1578; x_wconf 85' lang='lat' dir='ltr'><strong>a</strong></span> <span class='ocrx_word' id='word_1_118' title='bbox 710 1545 861 1579; x_wconf 84' lang='lat' dir='ltr'>senatu</span> <span class='ocrx_word' id='word_1_119' title='bbox 886 1539 1028 1593; x_wconf 88' lang='lat' dir='ltr'>jussus</span> <span class='ocrx_word' id='word_1_120' title='bbox 1053 1553 1138 1579; x_wconf 86' lang='lat' dir='ltr'>una</span> <span class='ocrx_word' id='word_1_121' title='bbox 1162 1552 1258 1579; x_wconf 89' lang='lat' dir='ltr'>cum</span> <span class='ocrx_word' id='word_1_122' title='bbox 1284 1537 1427 1579; x_wconf 88' lang='lat' dir='ltr'>Plinio</span> <span class='ocrx_word' id='word_1_123' title='bbox 1452 1538 1616 1579; x_wconf 88' lang='lat' dir='ltr'>minore</span> 
     </span>
     <span class='ocr_line' id='line_1_17' title="bbox 192 1603 1616 1661; baseline 0.001 -16"><span class='ocrx_word' id='word_1_124' title='bbox 192 1604 341 1646; x_wconf 85' lang='lat' dir='ltr'>aderat</span> <span class='ocrx_word' id='word_1_125' title='bbox 378 1603 509 1654; x_wconf 88' lang='lat' dir='ltr'>Afris,</span> <span class='ocrx_word' id='word_1_126' title='bbox 547 1605 619 1660; x_wconf 93' lang='lat' dir='ltr'>qui</span> <span class='ocrx_word' id='word_1_127' title='bbox 658 1603 846 1646; x_wconf 87' lang='lat' dir='ltr'>Marium</span> <span class='ocrx_word' id='word_1_128' title='bbox 885 1604 1078 1647; x_wconf 90' lang='lat' dir='ltr'>Priscum</span> <span class='ocrx_word' id='word_1_129' title='bbox 1117 1606 1454 1661; x_wconf 85' lang='lat' dir='ltr'>repetundarum</span> <span class='ocrx_word' id='word_1_130' title='bbox 1481 1619 1616 1647; x_wconf 83' lang='lat' dir='ltr'>accu-</span> 
     </span>
     <span class='ocr_line' id='line_1_18' title="bbox 191 1671 1488 1728; baseline 0.001 -15"><span class='ocrx_word' id='word_1_131' title='bbox 191 1682 406 1721; x_wconf 85' lang='lat' dir='ltr'>saverant,</span> <span class='ocrx_word' id='word_1_132' title='bbox 452 1671 620 1714; x_wconf 90' lang='lat' dir='ltr'>videtur</span> <span class='ocrx_word' id='word_1_133' title='bbox 656 1671 698 1713; x_wconf 89' lang='lat' dir='ltr'>in</span> <span class='ocrx_word' id='word_1_134' title='bbox 735 1672 914 1728; x_wconf 85' lang='lat' dir='ltr'>privatae</span> <span class='ocrx_word' id='word_1_135' title='bbox 951 1672 1047 1714; x_wconf 86' lang='lat' dir='ltr'>vitae</span> <span class='ocrx_word' id='word_1_136' title='bbox 1084 1672 1215 1714; x_wconf 85' lang='lat' dir='ltr'>otium</span> <span class='ocrx_word' id='word_1_137' title='bbox 1253 1675 1488 1715; x_wconf 87' lang='lat' dir='ltr'>secessisse.</span> 
     </span>
    </p>

    <p class='ocr_par' dir='ltr' id='par_1_4' title="bbox 190 1739 1615 2126">
     <span class='ocr_line' id='line_1_19' title="bbox 326 1739 1615 1795; baseline 0.002 -15"><span class='ocrx_word' id='word_1_138' title='bbox 326 1739 397 1781; x_wconf 83' lang='lat' dir='ltr'>Ex</span> <span class='ocrx_word' id='word_1_139' title='bbox 432 1740 601 1795; x_wconf 87' lang='lat' dir='ltr'>scriptis</span> <span class='ocrx_word' id='word_1_140' title='bbox 637 1739 788 1789; x_wconf 80' lang='lat' dir='ltr'>Taciti,</span> <span class='ocrx_word' id='word_1_141' title='bbox 827 1754 922 1795; x_wconf 86' lang='lat' dir='ltr'>quae</span> <span class='ocrx_word' id='word_1_142' title='bbox 958 1749 1143 1789; x_wconf 84' lang='lat' dir='ltr'>exstant,</span> <span class='ocrx_word' id='word_1_143' title='bbox 1163 1740 1326 1795; x_wconf 86' lang='lat' dir='ltr'>primus</span> <span class='ocrx_word' id='word_1_144' title='bbox 1355 1741 1497 1782; x_wconf 88' lang='lat' dir='ltr'>editus</span> <span class='ocrx_word' id='word_1_145' title='bbox 1523 1755 1615 1782; x_wconf 89' lang='lat' dir='ltr'>esse</span> 
     </span>
     <span class='ocr_line' id='line_1_20' title="bbox 192 1805 1614 1863; baseline 0.001 -16"><span class='ocrx_word' id='word_1_146' title='bbox 192 1807 364 1849; x_wconf 91' lang='lat' dir='ltr'>videtur</span> <span class='ocrx_word' id='word_1_147' title='bbox 425 1806 634 1863; x_wconf 85' lang='lat' dir='ltr'>Dialogus</span> <span class='ocrx_word' id='word_1_148' title='bbox 694 1808 747 1849; x_wconf 91' lang='lat' dir='ltr'>de</span> <span class='ocrx_word' id='word_1_149' title='bbox 806 1805 1083 1856; x_wconf 84' lang='lat' dir='ltr'>Oratoribus,</span> <span class='ocrx_word' id='word_1_150' title='bbox 1142 1821 1266 1861; x_wconf 88' lang='lat' dir='ltr'>quem</span> <span class='ocrx_word' id='word_1_151' title='bbox 1329 1822 1441 1849; x_wconf 83' lang='lat' dir='ltr'>anno</span> <span class='ocrx_word' id='word_1_152' title='bbox 1506 1805 1614 1862; x_wconf 72' lang='lat'><strong>84³)</strong></span> 
     </span>
     <span class='ocr_line' id='line_1_21' title="bbox 190 1871 1614 1930; baseline 0.001 -15"><span class='ocrx_word' id='word_1_153' title='bbox 190 1873 392 1930; x_wconf 87' lang='lat' dir='ltr'>scriptum</span> <span class='ocrx_word' id='word_1_154' title='bbox 446 1888 537 1915; x_wconf 89' lang='lat' dir='ltr'>esse</span> <span class='ocrx_word' id='word_1_155' title='bbox 590 1873 895 1930; x_wconf 85' lang='lat' dir='ltr'>Nipperdeyus</span> <span class='ocrx_word' id='word_1_156' title='bbox 931 1881 1074 1929; x_wconf 83' lang='lat' dir='ltr'>putat3</span> <span class='ocrx_word' id='word_1_157' title='bbox 1112 1871 1317 1928; x_wconf 71' lang='lat' dir='ltr'>Agricola</span> <span class='ocrx_word' id='word_1_158' title='bbox 1353 1881 1495 1915; x_wconf 85' lang='lat' dir='ltr'>autem</span> <span class='ocrx_word' id='word_1_159' title='bbox 1530 1874 1614 1916; x_wconf 89' lang='lat' dir='ltr'>fine</span> 
     </span>
     <span class='ocr_line' id='line_1_22' title="bbox 191 1939 1612 1996; baseline 0.001 -13"><span class='ocrx_word' id='word_1_160' title='bbox 191 1942 293 1983; x_wconf 84' lang='lat' dir='ltr'>anni</span> <span class='ocrx_word' id='word_1_161' title='bbox 333 1940 392 1983; x_wconf 89' lang='lat'>97</span> <span class='ocrx_word' id='word_1_162' title='bbox 432 1941 498 1984; x_wconf 89' lang='lat' dir='ltr'>vel</span> <span class='ocrx_word' id='word_1_163' title='bbox 536 1941 657 1983; x_wconf 88' lang='lat' dir='ltr'>initio</span> <span class='ocrx_word' id='word_1_164' title='bbox 694 1956 731 1982; x_wconf 82' lang='lat' dir='ltr'>a.</span> <span class='ocrx_word' id='word_1_165' title='bbox 770 1941 891 1996; x_wconf 84' lang='lat'>98⁴),</span> <span class='ocrx_word' id='word_1_166' title='bbox 928 1939 1164 1983; x_wconf 84' lang='lat' dir='ltr'>Germania</span> <span class='ocrx_word' id='word_1_167' title='bbox 1189 1957 1224 1982; x_wconf 81' lang='lat' dir='ltr'>a.</span> <span class='ocrx_word' id='word_1_168' title='bbox 1267 1941 1342 1985; x_wconf 87' lang='lat'>98.</span> <span class='ocrx_word' id='word_1_169' title='bbox 1386 1940 1612 1991; x_wconf 86' lang='lat' dir='ltr'>Historias,</span> 
     </span>
     <span class='ocr_line' id='line_1_23' title="bbox 190 2008 1613 2065; baseline 0 -15"><span class='ocrx_word' id='word_1_170' title='bbox 190 2024 284 2065; x_wconf 75' lang='lat' dir='ltr'>quae</span> <span class='ocrx_word' id='word_1_171' title='bbox 337 2009 551 2065; x_wconf 87' lang='lat' dir='ltr'>inscriptae</span> <span class='ocrx_word' id='word_1_172' title='bbox 604 2016 716 2059; x_wconf 81' lang='lat' dir='ltr'>sunt,</span> <span class='ocrx_word' id='word_1_173' title='bbox 770 2016 893 2065; x_wconf 85' lang='lat' dir='ltr'>putat</span> <span class='ocrx_word' id='word_1_174' title='bbox 930 2008 1118 2051; x_wconf 85' lang='lat' dir='ltr'>Haasius</span> <span class='ocrx_word' id='word_1_175' title='bbox 1155 2009 1283 2065; x_wconf 83' lang='lat' dir='ltr'>paulo</span> <span class='ocrx_word' id='word_1_176' title='bbox 1322 2019 1417 2065; x_wconf 87' lang='lat' dir='ltr'>post</span> <span class='ocrx_word' id='word_1_177' title='bbox 1454 2025 1613 2051; x_wconf 89' lang='lat' dir='ltr'>annum</span> 
     </span>
     <span class='ocr_line' id='line_1_24' title="bbox 198 2075 1613 2126; baseline 0 -8"><span class='ocrx_word' id='word_1_178' title='bbox 198 2075 286 2118; x_wconf 69' lang='lat'>407</span> <span class='ocrx_word' id='word_1_179' title='bbox 315 2076 533 2117; x_wconf 83' lang='lat' dir='ltr'>absolutas</span> <span class='ocrx_word' id='word_1_180' title='bbox 558 2086 600 2118; x_wconf 90' lang='lat' dir='ltr'>et</span> <span class='ocrx_word' id='word_1_181' title='bbox 625 2077 761 2118; x_wconf 82' lang='lat' dir='ltr'>editas</span> <span class='ocrx_word' id='word_1_182' title='bbox 787 2092 893 2126; x_wconf 86' lang='lat' dir='ltr'>esse,</span> <span class='ocrx_word' id='word_1_183' title='bbox 914 2075 1107 2118; x_wconf 86' lang='lat' dir='ltr'>Annales</span> <span class='ocrx_word' id='word_1_184' title='bbox 1135 2086 1278 2118; x_wconf 84' lang='lat' dir='ltr'>autem</span> <span class='ocrx_word' id='word_1_185' title='bbox 1306 2078 1419 2118; x_wconf 89' lang='lat' dir='ltr'>circa</span> <span class='ocrx_word' id='word_1_186' title='bbox 1443 2093 1482 2118; x_wconf 86' lang='lat' dir='ltr'>a.</span> <span class='ocrx_word' id='word_1_187' title='bbox 1510 2076 1613 2118; x_wconf 87' lang='grc'><strong>446.</strong></span> 
     </span>
    </p>

    <p class='ocr_par' dir='ltr' id='par_1_5' title="bbox 189 2142 1616 2403">
     <span class='ocr_line' id='line_1_25' title="bbox 324 2142 1614 2200; baseline 0 -15"><span class='ocrx_word' id='word_1_188' title='bbox 324 2142 472 2199; x_wconf 89' lang='lat' dir='ltr'>Atque</span> <span class='ocrx_word' id='word_1_189' title='bbox 524 2151 571 2185; x_wconf 85' lang='lat' dir='ltr'>ut</span> <span class='ocrx_word' id='word_1_190' title='bbox 619 2146 707 2199; x_wconf 86' lang='lat' dir='ltr'>jam</span> <span class='ocrx_word' id='word_1_191' title='bbox 752 2145 806 2186; x_wconf 84' lang='lat' dir='ltr'>de</span> <span class='ocrx_word' id='word_1_192' title='bbox 843 2145 922 2185; x_wconf 91' lang='lat' dir='ltr'>hoc</span> <span class='ocrx_word' id='word_1_193' title='bbox 956 2144 1114 2193; x_wconf 92' lang='lat' dir='ltr'>libello,</span> <span class='ocrx_word' id='word_1_194' title='bbox 1152 2145 1223 2200; x_wconf 89' lang='lat' dir='ltr'>qui</span> <span class='ocrx_word' id='word_1_195' title='bbox 1259 2146 1308 2185; x_wconf 83' lang='lat' dir='ltr'>de</span> <span class='ocrx_word' id='word_1_196' title='bbox 1343 2146 1498 2200; x_wconf 68' lang='lat' dir='ltr'>oriqine</span> <span class='ocrx_word' id='word_1_197' title='bbox 1533 2146 1614 2185; x_wconf 78' lang='lat' dir='ltr'>situ</span> 
     </span>
     <span class='ocr_line' id='line_1_26' title="bbox 189 2208 1615 2268; baseline -0.001 -14"><span class='ocrx_word' id='word_1_198' title='bbox 189 2211 369 2254; x_wconf 69' lang='lat' dir='ltr'>moribus</span> <span class='ocrx_word' id='word_1_199' title='bbox 405 2226 452 2252; x_wconf 80' lang='lat' dir='ltr'>ac</span> <span class='ocrx_word' id='word_1_200' title='bbox 488 2211 659 2268; x_wconf 75' lang='lat' dir='ltr'>populis</span> <span class='ocrx_word' id='word_1_201' title='bbox 711 2208 941 2253; x_wconf 73' lang='lat' dir='ltr'>Germanioe</span> <span class='ocrx_word' id='word_1_202' title='bbox 992 2211 1219 2267; x_wconf 85' lang='lat' dir='ltr'>inscriptus</span> <span class='ocrx_word' id='word_1_203' title='bbox 1276 2219 1352 2260; x_wconf 86' lang='lat' dir='ltr'>est,</span> <span class='ocrx_word' id='word_1_204' title='bbox 1406 2212 1615 2254; x_wconf 85' lang='lat' dir='ltr'>nonnulla</span> 
     </span>
     <span class='ocr_line' id='line_1_27' title="bbox 190 2278 1616 2335; baseline -0.001 -14"><span class='ocrx_word' id='word_1_205' title='bbox 190 2279 472 2335; x_wconf 87' lang='lat' dir='ltr'>disputemus,</span> <span class='ocrx_word' id='word_1_206' title='bbox 507 2278 694 2335; x_wconf 89' lang='lat' dir='ltr'>primum</span> <span class='ocrx_word' id='word_1_207' title='bbox 729 2279 900 2334; x_wconf 89' lang='lat' dir='ltr'>quidem</span> <span class='ocrx_word' id='word_1_208' title='bbox 927 2279 982 2320; x_wconf 90' lang='lat' dir='ltr'>de</span> <span class='ocrx_word' id='word_1_209' title='bbox 1007 2279 1185 2321; x_wconf 88' lang='lat' dir='ltr'>consilio</span> <span class='ocrx_word' id='word_1_210' title='bbox 1210 2278 1340 2333; x_wconf 87' lang='lat' dir='ltr'>hujus</span> <span class='ocrx_word' id='word_1_211' title='bbox 1365 2279 1462 2320; x_wconf 88' lang='lat' dir='ltr'>libri</span> <span class='ocrx_word' id='word_1_212' title='bbox 1489 2279 1616 2320; x_wconf 84' lang='lat' dir='ltr'>variae</span> 
     </span>
     <span class='ocr_line' id='line_1_28' title="bbox 191 2345 1616 2403; baseline 0 -15"><span class='ocrx_word' id='word_1_213' title='bbox 191 2354 289 2390; x_wconf 87' lang='lat' dir='ltr'>sunt</span> <span class='ocrx_word' id='word_1_214' title='bbox 326 2353 366 2388; x_wconf 88' lang='lat' dir='ltr'>et</span> <span class='ocrx_word' id='word_1_215' title='bbox 419 2346 711 2403; x_wconf 85' lang='lat' dir='ltr'>discrepantes</span> <span class='ocrx_word' id='word_1_216' title='bbox 757 2345 1097 2388; x_wconf 83' lang='lat' dir='ltr'>doctissimorum</span> <span class='ocrx_word' id='word_1_217' title='bbox 1145 2347 1331 2388; x_wconf 90' lang='lat' dir='ltr'>virorum</span> <span class='ocrx_word' id='word_1_218' title='bbox 1385 2346 1616 2390; x_wconf 38' lang='lat' dir='ltr'>sezzentiae.</span> 
     </span>
    </p>
   </div>
   <div class='ocr_carea' id='block_1_3' title="bbox 190 2435 392 2440">
    <p class='ocr_par' dir='ltr' id='par_1_6' title="bbox 190 2435 392 2440">
     <span class='ocr_line' id='line_1_29' title="bbox 190 2435 392 2440; baseline 0 0"><span class='ocrx_word' id='word_1_219' title='bbox 190 2435 392 2440; x_wconf 95' lang='lat' dir='ltr'> </span> 
     </span>
    </p>
   </div>
   <div class='ocr_carea' id='block_1_4' title="bbox 236 2468 1618 2694">
    <p class='ocr_par' dir='ltr' id='par_1_7' title="bbox 238 2468 1618 2554">
     <span class='ocr_line' id='line_1_30' title="bbox 238 2468 1618 2510; baseline 0 -10"><span class='ocrx_word' id='word_1_220' title='bbox 238 2468 263 2510; x_wconf 78' lang='grc'>1)</span> <span class='ocrx_word' id='word_1_221' title='bbox 293 2469 369 2501; x_wconf 70' lang='lat' dir='ltr'>Vide</span> <span class='ocrx_word' id='word_1_222' title='bbox 393 2468 582 2510; x_wconf 78' lang='lat' dir='ltr'>Nipperdey.</span> <span class='ocrx_word' id='word_1_223' title='bbox 608 2468 699 2500; x_wconf 80' lang='lat' dir='ltr'>Corn.</span> <span class='ocrx_word' id='word_1_224' title='bbox 727 2468 798 2499; x_wconf 80' lang='lat' dir='ltr'><strong><em>Tac.</em></strong></span> <span class='ocrx_word' id='word_1_225' title='bbox 825 2469 837 2499; x_wconf 90' lang='lat'><em>1</em></span> <span class='ocrx_word' id='word_1_226' title='bbox 869 2468 962 2499; x_wconf 82' lang='lat' dir='ltr'><em>Band</em></span> <span class='ocrx_word' id='word_1_227' title='bbox 993 2468 1171 2509; x_wconf 75' lang='lat' dir='ltr'>Einleituny</span> <span class='ocrx_word' id='word_1_228' title='bbox 1202 2478 1277 2509; x_wconf 75' lang='lat' dir='ltr'>paq.</span> <span class='ocrx_word' id='word_1_229' title='bbox 1315 2468 1370 2500; x_wconf 86' lang='lat' dir='ltr'>IV.</span> <span class='ocrx_word' id='word_1_230' title='bbox 1416 2468 1501 2499; x_wconf 69' lang='lat' dir='ltr'><em>Jahn</em></span> <span class='ocrx_word' id='word_1_231' title='bbox 1532 2468 1618 2500; x_wconf 73' lang='lat' dir='ltr'>Neue</span> 
     </span>
     <span class='ocr_line' id='line_1_31' title="bbox 291 2514 988 2554; baseline 0 -8"><span class='ocrx_word' id='word_1_232' title='bbox 291 2515 488 2546; x_wconf 70' lang='lat' dir='ltr'>Jahrbizcher</span> <span class='ocrx_word' id='word_1_233' title='bbox 513 2514 656 2545; x_wconf 88' lang='lat' dir='ltr'><em>LXXIX.</em></span> <span class='ocrx_word' id='word_1_234' title='bbox 682 2517 700 2544; x_wconf 84' lang='lat'><em>4</em></span> <span class='ocrx_word' id='word_1_235' title='bbox 719 2524 796 2554; x_wconf 76' lang='lat' dir='ltr'>pay.</span> <span class='ocrx_word' id='word_1_236' title='bbox 821 2515 988 2546; x_wconf 81' lang='lat'><em>250-251.</em></span> 
     </span>
    </p>

    <p class='ocr_par' dir='ltr' id='par_1_8' title="bbox 236 2560 715 2639">
     <span class='ocr_line' id='line_1_32' title="bbox 236 2560 715 2639; baseline -0.002 -49"><span class='ocrx_word' id='word_1_237' title='bbox 236 2560 265 2626; x_wconf 62' lang='grc' dir='ltr'>ζ)</span> <span class='ocrx_word' id='word_1_238' title='bbox 284 2560 483 2639; x_wconf 45' lang='grc' dir='ltr'>1ἷῗῗινιαῖᾙΧΙΙ.</span> <span class='ocrx_word' id='word_1_239' title='bbox 505 2561 548 2636; x_wconf 57' lang='lat' dir='ltr'>gl.</span> <span class='ocrx_word' id='word_1_240' title='bbox 577 2615 594 2636; x_wconf 69' lang='lat' dir='ltr'>a</span> <span class='ocrx_word' id='word_1_241' title='bbox 650 2603 715 2637; x_wconf 76' lang='lat' dir='ltr'>VH</span> 
     </span>
    </p>

    <p class='ocr_par' dir='ltr' id='par_1_9' title="bbox 236 2606 1430 2694">
     <span class='ocr_line' id='line_1_33' title="bbox 236 2606 1430 2694; baseline -0.003 -11"><span class='ocrx_word' id='word_1_242' title='bbox 236 2606 261 2689; x_wconf 68' lang='lat' dir='ltr'>‘l</span> <span class='ocrx_word' id='word_1_243' title='bbox 286 2615 439 2694; x_wconf 50' lang='lat' dir='ltr'>nggzid‘.</span> <span class='ocrx_word' id='word_1_244' title='bbox 464 2650 486 2682; x_wconf 94' lang='grc'>1.</span> <span class='ocrx_word' id='word_1_245' title='bbox 511 2614 701 2682; x_wconf 53' lang='lat' dir='ltr'>0‚I}{{{231ns</span> <span class='ocrx_word' id='word_1_246' title='bbox 718 2629 822 2682; x_wconf 41' lang='lat' dir='ltr'>’Corm</span> <span class='ocrx_word' id='word_1_247' title='bbox 848 2649 920 2681; x_wconf 82' lang='lat' dir='ltr'>Tac.</span> <span class='ocrx_word' id='word_1_248' title='bbox 944 2659 1039 2692; x_wconf 79' lang='lat' dir='ltr'>opera</span> <span class='ocrx_word' id='word_1_249' title='bbox 1063 2649 1134 2681; x_wconf 87' lang='lat' dir='ltr'>Vol.</span> <span class='ocrx_word' id='word_1_250' title='bbox 1158 2648 1184 2680; x_wconf 94' lang='lat' dir='ltr'>I.</span> <span class='ocrx_word' id='word_1_251' title='bbox 1210 2657 1280 2691; x_wconf 81' lang='lat' dir='ltr'>pag.</span> <span class='ocrx_word' id='word_1_252' title='bbox 1306 2647 1430 2680; x_wconf 85' lang='lat' dir='ltr'><strong>XVIII.</strong></span> 
     </span>
    </p>
   </div>
  </div>
 </body>
</html>
