1852 3211
304 162 358 203 lo

227 275 458 317 Istaevones
504 281 724 315 vocentur.
797 271 998 326 Quidam,
1039 282 1085 312 ut
1121 271 1164 311 in
1202 270 1375 311 licentia
1411 270 1654 318 vetustatis,

229 342 374 397 plu'res
405 341 485 383 deo
521 348 635 382 ortos
674 341 904 395 pluresque
940 337 1081 394 gentis
1119 337 1443 392 appellationes,
1481 335 1655 379 Marsos

230 406 507 450 Gambrivios
544 407 710 448 Suevos
744 405 984 448 Vandalios
1020 404 1247 453 affirmant,
1284 418 1422 459 eaque
1468 418 1567 445 vera
1612 412 1654 444 et

228 476 407 528 antiqua
452 474 644 524 nomina3
687 483 873 515 ceterum
920 471 1164 515 Germaniae
1208 470 1463 513 vocabulum
1509 486 1656 513 recens

228 549 269 583 et
294 554 431 596 nuper
455 540 664 588 additum,
690 540 892 594 quoniam
920 540 993 594 qui
1021 538 1145 594 primi
1171 536 1371 579 Rhenum
1398 537 1654 595 transgressi

229 606 381 652 Gallos
417 608 676 664 expulerint,
714 617 761 650 ut
796 623 910 650 nunc
946 607 1127 662 Tungri,
1153 615 1255 648 tune
1280 603 1490 648 Germani
1517 606 1656 649 vocati

230 677 337 717 sint:
375 676 432 716 ita
470 675 653 716 nationis
690 689 859 723 nomen,
897 690 980 716 non
1018 674 1170 729 gentis,
1196 673 1407 714 evaluisse
1435 674 1655 728 paulatim,

233 752 279 786 ut
316 759 461 786 omnes
497 744 680 799 primum
719 760 742 785 a
780 743 940 785 victore
977 741 1030 784 ob
1068 751 1238 789 metum,
1279 756 1375 783 mox
1408 742 1534 783 etiam
1561 757 1586 783 a
1611 756 1656 784 se

231 812 335 866 ipsis
371 812 547 851 invento
585 810 754 851 nomine
792 808 999 851 Germani
1038 818 1305 850 vocarentur.

279 909 302 948 ¹)
324 911 499 940 Tuisconem
522 910 598 940 Rde.
625 910 658 939 S.
685 910 716 939 T.
746 910 876 940 Triscon.
903 910 1035 940 Tuiston.
1061 909 1096 938 P.

277 984 302 1021 ²)
322 990 523 1017 Herminones
549 989 593 1017 JI.
620 989 651 1017 S.
678 988 715 1017 H.
741 989 805 1017 alii.
830 975 1032 1018 Herminones
1057 989 1091 1017 P.
1118 988 1300 1026 Hermiones
1325 987 1383 1016 Ra.
1412 987 1448 1016 V.
1474 986 1539 1016 alii.

276 1055 303 1084 ³)
325 1056 364 1086 Ue
387 1066 467 1086 nunc
490 1056 524 1085 P.
551 1066 589 1085 ac
613 1066 692 1085 nnnc
717 1058 818 1085 ceteri.

362 1637 507 1678 Fuisse
538 1639 653 1692 apud
680 1652 750 1677 eos
777 1648 818 1678 et
844 1637 1074 1678 Herculem
1103 1647 1353 1684 memorant,
1382 1637 1652 1691 primumque

229 1705 416 1747 omnium
457 1705 641 1746 virorum
682 1704 852 1746 fortium
879 1705 993 1747 ,ituri
1033 1704 1074 1746 in
1115 1705 1276 1760 proelia
1314 1713 1489 1747 canunt.
1543 1702 1654 1747 Sunt

227 1773 309 1813 illis
348 1773 434 1813 haec
472 1787 642 1827 quoque
680 1774 881 1820 carmina,
920 1787 1104 1826 quorum
1138 1772 1289 1820 relatu,
1316 1787 1440 1827 quem
1469 1771 1654 1814 baritum

227 1851 394 1889 vocant,
449 1840 687 1880 accendunt
745 1840 907 1881 animos
954 1840 1191 1895 futuraeque
1238 1855 1393 1895 pugnae
1439 1840 1651 1882 fortunam

225 1908 318 1962 ipso
365 1915 489 1948 cantu
528 1917 815 1962 augurantur-3
855 1916 1014 1948 terrent
1053 1908 1164 1949 enim
1203 1908 1490 1962 trepidantve‚
1530 1915 1654 1963 prout

225 1974 368 2015 sonuit
406 1975 537 2022 acies;
575 1988 652 2014 neo
689 1983 772 2014 tam
813 1989 937 2015 voces
964 1974 1058 2020 illae,
1085 1989 1213 2029 quam
1243 1975 1395 2016 mentis
1421 1982 1654 2016 concentus

227 2041 438 2083 videntur.
494 2041 740 2083 Affectatur
777 2043 989 2098 praecipue
1026 2043 1235 2098 asperitas
1272 2044 1365 2084 soni
1402 2051 1443 2085 et
1470 2044 1653 2085 fractum

225 2124 417 2150 murmur
473 2110 654 2164 objectis
700 2110 752 2151 ad
799 2126 844 2151 os
890 2111 1036 2159 scutis,
1073 2126 1160 2166 quo
1199 2111 1364 2166 plenior
1400 2119 1442 2152 et
1479 2111 1655 2167 gravior

226 2192 307 2219 vox
345 2192 598 2233 repercussu
633 2179 898 2220 intumescat.
955 2176 1160 2221 Ceterum
1198 2189 1239 2220 et
1276 2177 1449 2221 Ulixem
1477 2179 1654 2234 quidam

223 2246 456 2300 opinantur
493 2246 622 2300 longo
658 2247 732 2287 illo
758 2257 798 2286 et
826 2246 1020 2288 fabuloso
1047 2261 1193 2288 errore
1219 2248 1260 2288 in
1291 2248 1403 2289 huno
1428 2246 1655 2289 Oceanum

225 2312 410 2354 delatum
450 2313 587 2355 adisse
626 2311 871 2356 Germaniae
910 2327 1045 2356 terras
1084 2313 1497 2371 Asciburgiumque,
1534 2314 1654 2370 quod

225 2382 266 2422 in
290 2382 382 2436 ripa
402 2380 540 2423 Rheni
563 2382 687 2424 situm
709 2382 924 2437 hodieque
950 2383 1165 2430 incolitur,
1190 2385 1244 2424 ab
1270 2384 1344 2425 illo
1371 2384 1654 2425 constitutum

226 2450 596 2504 nominatumque3
658 2466 775 2491 aram
831 2451 932 2505 quin
988 2451 1113 2492 etiam
1169 2450 1290 2494 Ulixi
1345 2459 1654 2500 consecratam,

224 2516 390 2570 adjecto
429 2516 597 2558 Laertae
635 2518 764 2573 patris
791 2520 974 2566 nomine,
1001 2520 1151 2560 eodem
1178 2520 1272 2561 loeo
1297 2520 1396 2561 olim
1425 2528 1655 2575 repertam,

227 2596 587 2639 monumentaque
634 2596 673 2626 et
721 2587 907 2628 tumulos
951 2588 1158 2642 quosdam
1206 2586 1372 2630 Graecis
1420 2587 1551 2629 literis
1588 2587 1656 2628 in-

227 2653 405 2707 scriptos
439 2653 480 2693 in
518 2653 698 2695 confinio
737 2652 983 2696 Germaniae
1021 2655 1252 2711 Raetiaeque
1290 2656 1435 2697 adhuc
1471 2665 1655 2698 exstare.
