1852 3211
351 282 518 328 Orellii.
587 284 731 327 Turici
769 283 1209 329 MDCCCXLVIII.

350 352 522 396 Ritteri.
592 343 759 395 Bonnaev
793 351 1343 397 MDCCCXXXXVIII.

351 419 535 462 Finekii.
608 418 845 477 Gottingen
892 420 1031 463 4857.

355 488 518 530 Haasii.
588 488 640 530 Li
646 489 747 545 psiae
782 486 1099 532 MDCCCLV.

352 556 525 598 Halmii.
595 556 648 598 Li
654 557 755 612 psiae
792 556 1114 600 MDCCCLX.

350 625 539 667 Mosleri.
609 625 792 681 Leipzig
836 626 975 668 ⁴862.

351 692 586 735 Versiones
623 693 810 748 inspexi:

352 760 585 804 Gerlachii.
657 761 784 802 Basel
838 759 852 802 ‘l
864 760 973 802 837.

351 829 512 872 Rothii.
585 827 801 885 Stuttgart
847 827 932 871 ¹185
942 828 984 870 4.

351 895 542 939 Mosleri.
613 895 795 952 Leipzig
839 894 977 938 4862.

317 1028 322 1029 ⁷
355 985 500 1026 Verba
538 986 756 1041 scriptoris
794 987 845 1027 de
884 986 1045 1027 Halmii
1093 986 1279 1027 editione
1326 986 1511 1026 maxime
1564 998 1647 1026 ex·-

217 1054 388 1111 scripsi3
425 1052 618 1094 codicum
638 1061 779 1094 tamen
818 1054 1052 1110 scripturis,
1090 1067 1185 1109 quae
1212 1052 1387 1109 quidem
1418 1052 1645 1094 aFinckio

218 1131 260 1166 et
296 1121 490 1164 Moslero
527 1121 703 1162 redditae
746 1132 856 1170 sunt,
912 1121 1138 1178 diligenter
1192 1121 1373 1172 collatis,
1430 1120 1647 1162 nonnullis

217 1190 336 1239 loeis,
373 1190 407 1232 si
445 1188 594 1230 melior
630 1188 730 1230 mihi
771 1189 860 1231 visa
897 1200 960 1231 est
998 1189 1078 1230 alia
1116 1189 1340 1245 scriptura,
1377 1187 1431 1230 ab
1469 1188 1646 1230 Halmio

216 1257 383 1300 recessi.
454 1255 506 1297 In
561 1255 697 1297 verbis
743 1267 857 1298 recte
900 1256 1135 1298 scribendis
1180 1264 1368 1297 nostram
1413 1263 1645 1299 consuetu-

219 1325 362 1367 dinem
401 1324 584 1365 maxime
621 1324 821 1379 spectavi.

356 1411 553 1463 Codices,
607 1413 680 1468 qui
736 1414 777 1454 in
832 1412 913 1455 hoc
964 1412 1110 1455 libello
1156 1412 1376 1455 memorati
1430 1420 1543 1461 sunt,
1581 1411 1645 1452 his

219 1483 372 1525 litteris
408 1488 634 1522 notantur:

355 1549 396 1591 A
470 1573 525 1579 —
567 1547 904 1590 Arundelianus.

355 1617 393 1658 Β
469 1640 529 1647 -
571 1615 918 1671 Bambergensis.

356 1684 393 1726 F
467 1709 532 1715 —
569 1682 859 1725 Florentinus.

356 1751 402 1792 H
468 1777 533 1782 ——
570 1750 912 1791 Hummelianus.

358 1817 408 1860 M
472 1843 536 1850 —-
573 1817 857 1859 Monacensis.

356 1887 398 1928 N
476 1912 536 1916 ——
575 1885 900 1940 Neapolitanus.

356 1955 393 1996 P
470 1979 536 1986 —
573 1953 888 1995 Perizonianus.

357 2022 397 2063 R
468 2047 529 2052 -——
571 2020 809 2062 Vaticanus
849 2019 987 2060 4498.

356 2090 424 2132 Ra
470 2115 535 2121 —
573 2088 810 2130 Vaticanus
854 2086 992 2128 4862.

357 2156 426 2200 Rb
471 2183 537 2189 —
574 2154 810 2198 Vaticanus
849 2153 987 2196 VRB.
1026 2153 1135 2196 655.

356 2225 421 2269 Rc
473 2249 540 2256 —
577 2223 812 2266 Vaticanus
856 2220 992 2264 4548.

359 2292 430 2335 Rd
474 2316 540 2325 -—
578 2290 817 2334 Vaticanus
856 2288 1000 2331 2964.

357 2360 422 2402 Re
478 2384 537 2390 -
577 2359 815 2401 Vaticanus
852 2357 992 2399 Palat.
1036 2355 1172 2398 1795.

359 2427 421 2471 Rs
481 2452 546 2459 —-
581 2425 802 2483 Angelicae
840 2423 1116 2467 Bibliothecae
1156 2420 1510 2480 Augustinorum.

360 2496 392 2539 S
480 2521 546 2527 —-
582 2492 955 2549 stuttgardiensis.

359 2564 398 2607 T
481 2590 546 2596 —-
581 2562 839 2605 Turicensis.

360 2632 403 2675 V
487 2658 542 2663 ——-
584 2630 864 2673 Venetianus.

360 2699 420 2743 W
485 2725 548 2732 -—-
585 2696 949 2740 Vindobonensis.

463 2779 534 2815 His
563 2778 717 2814 breviter
747 2777 882 2819 allatis,
912 2780 1107 2823 sequuntur
1136 2773 1246 2810 verba
1280 2772 1410 2810 Taciti.
