1852 3211
1519 165 1579 208 27

225 277 325 328 quod
359 290 554 327 personam
586 277 783 327 significat,
816 276 966 315 dativus
996 282 1143 314 tantum
1175 282 1384 328 usurpatur.
1424 278 1529 317 Oonf.
1555 277 1651 328 Nep.

223 333 324 371 Milt.
358 337 392 370 3.
425 335 478 370 Ad
504 337 566 370 hoc
594 336 770 370 consitium
798 346 903 380 quum
926 337 1081 380 plerique
1104 338 1312 370 accederent.
1350 334 1426 372 Cic.
1445 333 1549 371 Verr.
1566 334 1648 370 Act.

223 388 277 427 II.
306 388 380 426 III.
415 393 477 426 28.
508 389 745 426 Condemnari
771 401 847 424 cum
895 393 992 425 istu-'us
1037 393 1166 425 invidia
1210 394 1423 436 infamiaque
1463 392 1651 432 malebant,

222 457 327 491 quam
357 447 405 480 ad
433 446 509 489 ejus
537 448 746 481 conditiones
774 448 1017 490 pactionesque
1045 449 1215 481 accedere.

333 513 432 546 aliis:
463 509 532 546 hoe
564 522 641 546 voc.
674 509 772 559 quod
804 522 933 546 omnes
964 511 1110 547 codices
1141 510 1290 555 habent,
1321 512 1488 549 Ritterus
1512 511 1558 549 ab
1580 511 1649 548 hoc

224 565 306 603 loco
336 564 585 602 amovendum
617 578 695 602 esse
727 569 861 602 censet.
903 565 1066 602 Orellius
1096 565 1323 615 Longolium
1354 570 1503 603 secutus
1532 566 1649 603 inter-

223 624 392 669 pretatur
421 620 600 657 vocabula
630 623 733 656 nullis
762 624 861 656 aliis:
889 623 993 656 nullis
1022 625 1172 657 omnino.
1219 621 1313 657 Mihi
1348 633 1431 658 vero
1460 621 1519 658 hic
1548 622 1649 657 venit

221 676 258 713 in
291 679 452 713 mentem
486 688 573 713 usus
604 674 667 711 ille
700 673 868 713 vocabuli
900 666 1047 724 ἄλλος,
1081 675 1144 725 qui
1174 676 1271 725 apud
1297 676 1447 712 Graecos
1478 676 1649 725 frequen-

221 730 389 768 tissimus
435 735 509 773 est;
554 730 773 777 adjunctum
818 729 916 766 enim
955 729 992 766 id
1025 730 1244 767 vocabulum
1277 730 1523 767 substantivis
1553 743 1650 780 saepe

221 787 416 836 reperitur,
450 786 512 823 ubi
544 798 611 822 nos
641 797 708 834 pro
741 797 817 822 voc.
862 777 998 833 ἄλλος
1041 784 1097 821 vel
1142 784 1318 822 adverbio
1363 785 1499 835 aliquo,
1541 790 1651 822 »dess-

222 849 347 883 utom»,
381 844 594 886 »derjemte»‚
624 839 776 882 utimur,
810 839 867 875 vel
898 840 1176 877 substantivum
1208 840 1314 884 illud,
1344 840 1402 878 cui
1432 841 1650 889 adjunctum

221 900 278 933 est
310 908 386 933 voc.
420 885 567 943 ἄλλος,
599 894 847 944 appositionis
878 894 959 931 loco
997 895 1067 945 ipsi
1105 896 1284 932 vocabulo
1316 888 1450 944 ἄλλος
1480 895 1651 945 adjungi-

222 963 315 988 mus.
360 952 415 988 Ac
446 950 524 987 fieri
555 956 688 1000 potest,
720 956 760 986 ut
793 962 867 987 voc.
900 949 982 987 aliis
1013 951 1046 987 h.
1079 950 1103 987 l.
1134 951 1185 987 ita
1218 965 1236 987 a
1270 951 1399 988 Tacito
1432 956 1647 1001 usurpatum

221 1005 282 1050 sit,
327 1006 404 1050 sed,
452 1018 565 1056 quum
600 1005 792 1042 insolitum
825 1011 921 1042 esset
951 1019 993 1043 eo
1027 1006 1206 1044 vocabulo
1238 1007 1288 1044 ita
1320 1007 1385 1052 uti,
1417 1013 1457 1044 ut
1488 1006 1649 1057 explica-

220 1061 337 1098 tionis
368 1074 477 1099 causa
510 1075 542 1097 v,
561 1075 593 1097 v.
625 1066 779 1097 aliarum
808 1068 988 1097 nationum
1027 1062 1124 1099 idem
1170 1063 1356 1111 adjecerit.
1417 1063 1523 1100 Conf.
1555 1076 1648 1110 prae-

221 1121 322 1153 terea
352 1117 444 1154 Xen.
479 1117 598 1154 Anah.
631 1116 659 1153 Ι.
696 1121 728 1152 5.
763 1122 795 1152 5.
828 1110 879 1156 οὗ
909 1113 994 1173 γὰρ
1025 1110 1077 1173 ἦν
1101 1111 1261 1172 χόρτος
1291 1111 1395 1158 οὐδὲ
1419 1111 1528 1158 timo
1552 1114 1648 1158 δέν-

220 1168 328 1228 δρον
372 1165 512 1213 οὖδέν.
575 1172 670 1209 Ibid.
718 1171 790 1209 III.
841 1177 873 1208 4.
921 1177 984 1209 21.
1030 1173 1073 1208 V.
1123 1178 1155 1209 2.
1198 1178 1259 1209 31.
1298 1179 1333 1208 et
1365 1174 1484 1222 Kriig.
1514 1174 1645 1209 Griech.

222 1228 455 1274 Sprachlehre
481 1233 544 1274 [ἂν
573 1228 717 1264 Schulev
750 1227 836 1264 edit.
870 1232 889 1263 3
924 1227 1006 1264 Vol.
1038 1227 1067 1263 I.
1099 1231 1131 1272 5
1171 1233 1230 1265 50.
1267 1233 1300 1265 4.
1339 1233 1395 1266 11.

332 1302 463 1331 truces:
493 1295 676 1331 incertum
708 1302 763 1330 est
794 1294 891 1331 unde
921 1295 969 1331 sit
993 1294 1102 1344 hujus
1127 1295 1293 1332 vocabuli
1315 1295 1420 1343 origo
1436 1296 1644 1346 repetenda.

220 1349 473 1395 Deam-liuius,
491 1352 627 1387 Handb.
650 1354 711 1386 cler
736 1351 810 1386 Lat.
833 1350 1056 1396 Synonymilc‚
1074 1357 1180 1400 putat
1202 1363 1220 1387 a
1243 1345 1448 1406 ταράξαι,
1473 1346 1642 1408 τρηχύς.

218 1405 413 1454 Significat
444 1405 590 1455 quidem
626 1419 657 1442 ν.
688 1414 784 1449 trum,
815 1418 927 1455 quum
961 1406 1005 1443 (le
1035 1405 1151 1443 oculis
1182 1405 1329 1448 dicitur,
1358 1420 1529 1456 magnam
1549 1420 1644 1448 eum,

219 1460 324 1510 cujus
355 1461 451 1498 oculi
482 1462 533 1497 ita
564 1460 833 1505 describuntur,
864 1460 1091 1498 ferocitatem
1125 1474 1199 1510 prae
1230 1474 1266 1498 se
1291 1461 1384 1497 ferre
1409 1471 1519 1512 atque
1537 1462 1645 1499 terri-

221 1516 334 1553 bilem
366 1521 517 1566 aspectu
548 1530 637 1554 esse.

332 1596 462 1629 mayna
492 1596 642 1629 corpora
672 1603 723 1609 —-
758 1587 894 1619 valida:
927 1583 1071 1619 videtui·
1104 1583 1191 1619 mihi
1234 1584 1330 1619 inter
1375 1597 1406 1619 ν.
1437 1597 1467 1620 ν.
1514 1598 1643 1629 nmqna

220 1641 257 1675 et
287 1642 405 1675 vali-‘da
451 1638 683 1675 adversativa
728 1638 897 1688 quaedam
930 1638 1024 1675 ratio
1058 1639 1088 1674 b.
1108 1638 1130 1676 l.
1163 1638 1399 1682 intercedere,
1441 1651 1523 1688 quae
1561 1639 1641 1688 qui-

220 1694 302 1731 dem
336 1694 502 1732 suethice
533 1694 590 1731 vel
620 1694 671 1731 ita
703 1694 903 1743 significari
938 1699 1069 1743 potest,
1089 1698 1129 1731 ut
1148 1694 1331 1731 dicamus:
1365 1702 1480 1731 »εισι-α
1505 1697 1565 1730 och
1586 1695 1642 1731 .ςᾶ-

219 1754 293 1787 vidt
337 1754 391 1787 det
434 1755 542 1797 qdller
573 1755 687 1796 anfall
715 1754 881 1795 starlca»,·
911 1750 1016 1788 Conf-
1050 1749 1189 1797 Reisig.
1228 1752 1454 1796 Vorlesunqen
1483 1753 1518 1794 §.
1550 1755 1639 1786 248.

222 1806 278 1843 vel
310 1810 351 1843 ut
381 1811 436 1843 est
466 1819 576 1857 supra
607 1806 644 1843 in
674 1805 979 1855 interpretatione
1011 1810 1135 1841 nostra
1160 1804 1361 1841 redditum.
1394 1805 1500 1843 Conf.
1518 1805 1639 1842 Boett.

220 1861 311 1899 Lex.
343 1862 429 1899 Tac.
460 1875 543 1912 pag.
582 1866 667 1898 178.
698 1860 723 1903 ⁵)
754 1867 790 1898 et
822 1861 945 1909 Agric.
979 1864 1012 1896 9.
1050 1865 1180 1905 pravis,
1227 1865 1386 1903 intentus,
1430 1873 1567 1896 severus
1610 1868 1641 1896 et

219 1921 347 1964 saepius
376 1922 581 1954 misericors.

329 1988 519 2030 patientia:
564 1988 653 2028 cons.
694 1985 819 2018 Annal.
849 1983 892 2017 ΙΙ.
932 1985 987 2017 44.
1014 1984 1089 2025 jam
1120 1994 1244 2027 corpus
1274 1989 1310 2017 ut
1339 1986 1414 2016 visu
1444 1988 1578 2016 torvum
1609 1989 1639 2016 et

219 2043 268 2076 ad
296 2043 430 2075 brevem
461 2045 619 2085 impetum
650 2041 813 2079 validum,
843 2042 891 2073 sic
919 2040 1015 2072 nulla
1045 2040 1225 2072 vulnerum
1251 2041 1433 2082 patientia.

335 2106 536 2152 Minimeque
564 2109 653 2142 sitim
685 2134 692 2141 .
724 2135 731 2142 .
766 2135 772 2141 .
805 2130 813 2139 .
845 2107 1005 2147 tolerare,
1033 2106 1170 2149 sriqora
1200 2110 1303 2148 atque
1328 2106 1475 2138 inediam
1506 2130 1512 2137 .
1547 2131 1554 2138 .
1588 2132 1595 2139 .

219 2170 428 2200 assuerunt:
472 2160 662 2198 brevitatis
708 2172 814 2196 causa
863 2171 893 2195 v,
937 2166 1124 2194 assuerunt
1153 2157 1264 2194 semel
1295 2162 1442 2194 tantum
1474 2157 1636 2207 positum

220 2221 288 2262 est,
318 2229 529 2268 quanquam
561 2215 671 2252 etiam
703 2214 748 2251 ad
780 2213 1000 2251 antecedens
1033 2225 1063 2249 v,
1094 2217 1242 2249 tolerare
1263 2220 1317 2249 est
1343 2212 1639 2259 intelligendum.

220 2274 418 2326 Proprium
448 2279 503 2309 est
534 2271 631 2307 enim
663 2269 768 2307 latini
798 2269 978 2306 sermonis
1002 2268 1039 2304 in
1063 2267 1274 2316 hujusmodi
1300 2268 1496 2304 sententiis
1523 2280 1639 2317 oppo-

220 2331 303 2368 sitis
348 2328 393 2365 ad
441 2326 741 2377 perspicuitatem
780 2324 1010 2361 efficiendam
1044 2323 1197 2359 eandem
1231 2322 1391 2372 aliquam
1426 2335 1550 2359 vocem
1582 2335 1639 2359 re-

221 2391 357 2436 petere,
390 2388 429 2420 ut
458 2384 524 2420 Cic.
558 2382 627 2419 Mil.
659 2386 691 2418 9.
724 2382 912 2416 Dic-titubat
941 2379 1163 2415 Consulatum
1193 2379 1313 2415 Miloni
1333 2383 1422 2424 eripi
1441 2391 1510 2414 non
1527 2391 1638 2424 posse,

220 2447 328 2479 vitam
369 2452 469 2486 posse
510 2445 597 2480 (men
640 2440 697 2472 val
738 2439 857 2480 lifvetssu.
903 2436 992 2469 Idem
1028 2435 1108 2469 Lael.
1147 2439 1178 2469 5.
1222 2434 1379 2479 Namque
1406 2437 1465 2469 hoc
1492 2441 1640 2479 proestat

220 2501 373 2534 amicitia
412 2496 679 2540 propinquitati,
723 2494 814 2536 quod
855 2503 900 2525 ea:
935 2493 1194 2535 propinquitate
1222 2492 1452 2524 benevolentia
1482 2492 1554 2523 tolli
1579 2501 1640 2534 po·

219 2560 297 2598 test,
325 2564 370 2587 em
399 2553 550 2586 amicitia
578 2559 647 2583 non
671 2553 788 2595 potest
817 2549 906 2587 (men
934 2547 968 2588 ej
993 2544 1080 2588 [ran
1108 2544 1335 2589 vanskapen).
1364 2543 1470 2581 Couf.
1501 2543 1641 2590 Berger

221 2609 299 2643 Lat.
328 2607 449 2642 Stitist.
480 2604 565 2640 Ceae.
598 2604 699 2638 1864.
731 2603 768 2644 ᾗ.
800 2605 858 2637 79.
918 2600 1015 2637 Quae
1045 2598 1164 2635 Taciti
1196 2602 1252 2634 est
1288 2597 1434 2635 dicendi
1480 2598 1641 2635 brevitas

220 2660 376 2700 evitavit
406 2660 441 2697 h.
471 2659 494 2696 l.
524 2658 603 2708 ipsa
636 2655 829 2694 verborum
862 2653 1106 2692 collocatione
1151 2658 1315 2703 repetere
1361 2666 1393 2691 v.
1438 2660 1637 2690 assuerunt.

1746 3198 1852 3211 “muse-'E
