1852 3211
292 182 354 225 90

332 296 551 330 crediderim:
587 290 684 328 Pers.
722 289 816 340 conj.
846 294 884 327 et
914 288 961 326 ab
991 288 1074 326 aliis
1101 286 1346 338 'scriptoribus
1376 285 1506 324 latinis
1542 298 1652 325 usur-

221 353 343 400 patur,
373 348 404 386 si
433 346 524 399 quid
553 358 637 384 cum
669 344 851 384 modestia
881 349 918 381 et
947 343 1184 382 dubitatione
1207 342 1354 380 dicitur.
1401 342 1475 380 Cic.
1499 340 1650 379 Tuscul.

222 404 299 451 ΙΙΙ,
332 410 367 449 4,
399 407 435 441 7.
492 403 565 439 Nos
601 409 716 439 autem
751 405 813 438 hos
848 408 959 437 motus
988 404 1151 436 concitati
1176 403 1288 436 animi
1315 405 1416 444 recte,
1446 406 1484 435 ut
1511 401 1650 444 opinor,

219 463 499 507 perturbationes
527 462 728 494 dixerimus.
788 456 868 494 Liv.
905 455 996 501 VII,
1030 459 1092 493 26.
1149 456 1315 501 Equidem
1344 457 1439 491 haud
1469 457 1651 490 abnuerim

219 516 371 553 Clusium
400 514 519 551 Gallos
546 516 591 549 ab
622 512 760 551 Arunte
788 516 966 549 adductos.

328 573 482 606 aliarum
525 573 674 614 yentium
715 570 919 602 adventibus
961 574 992 602 et
1029 570 1184 611 hospitiis
1219 570 1372 602 miaetos:
1416 578 1451 602 s:
1491 565 1536 603 G.
1575 576 1650 601 non

220 629 325 664 erant
352 622 461 662 mixti
486 621 710 660 adventibus
736 621 889 658 aliarum
915 619 1083 670 gentium
1109 631 1201 670 quas
1224 618 1387 670 hospitio
1410 619 1651 671 accepissent.

222 681 358 721 Confer
402 679 513 729 hujus
557 679 608 716 rei
648 677 934 715 similitudinem
974 676 1070 727 apud
1111 674 1192 713 Liv.
1230 675 1262 721 Ι,
1305 680 1336 713 1.
1370 675 1435 712 ubi
1466 678 1652 719 narratur,

220 735 410 788 quomodo
462 734 615 771 advenae
665 733 817 782 Trojani
860 733 898 769 in
943 731 1106 782 hospitio
1151 731 1249 781 apud
1295 731 1473 768 Latinum
1525 743 1648 780 regem

331 796 357 829 t.

222 805 392 883 essssfflmc
419 866 474 873 —-
502 848 760 882 advehebantur
789 864 843 871 —-
871 852 901 880 et
941 864 990 869 —
1021 846 1160 879 aditur:
1203 841 1396 893 particulis
1436 855 1497 878 nec
1531 864 1584 870 —
1620 850 1653 879 et

220 901 519 951 frequentissime
556 900 641 937 duae
677 898 957 937 enunciationes
987 898 1220 948 copulantur,
1251 910 1408 948 quarum
1440 898 1555 936 altera
1586 911 1653 936 ne-

220 962 341 1007 gatur,
371 956 486 993 altera
517 956 734 992 nffirmntur.
799 956 880 990 Vide
922 955 1039 990 Madv.
1086 955 1162 990 Lat.
1206 954 1405 1001 Sproqzoere
1440 956 1477 998 §-
1508 958 1589 992 468.
1620 968 1649 992 c.

220 1012 361 1049 Eodem
396 1011 509 1048 modo
539 1010 637 1059 apud
668 1010 818 1047 Graecos
843 1009 1049 1058 saepissime
1074 1021 1112 1045 se
1135 1008 1326 1058 excipiunt
1351 1012 1446 1059 part.
1470 1001 1648 1050 οὕτε-τε.

327 1069 694 1112 mutare-quoerebant:
729 1065 829 1114 apud
858 1076 980 1101 aureae
1009 1063 1133 1100 aetatis
1164 1064 1365 1113 scriptores
1393 1064 1528 1101 solutae
1566 1077 1651 1102 ora-

218 1122 331 1160 tionis
363 1134 435 1158 non
469 1120 573 1158 facile
603 1120 788 1157 inveneris
821 1132 851 1156 v.
881 1131 1000 1166 quoero
1030 1118 1100 1157 hoe
1132 1119 1244 1157 modo
1276 1125 1509 1169 usurpatum.

325 1181 434 1214 ultra:
464 1175 651 1224 significat
689 1175 721 1211 h.
752 1188 830 1219 voe,
871 1181 911 1211 ut
943 1174 1034 1211 mihi
1065 1174 1213 1224 quidem
1255 1175 1413 1219 videtur,
1443 1175 1542 1212 idem
1574 1175 1651 1212 fere

216 1232 315 1282 quod
354 1230 573 1269 vocabulum
611 1234 766 1267 exterior
801 1234 898 1276 infra
935 1231 1020 1276 Cap.
1054 1232 1112 1266 47.
1173 1229 1280 1266 Conf.
1314 1231 1406 1279 Agr.
1429 1235 1503 1276 ¹25.
1534 1238 1648 1268 motus

215 1292 457 1324 universarum
487 1290 586 1322 ultra
616 1289 769 1332 qentmm
800 1288 1018 1321 timebantur.

324 1349 426 1388 utque
456 1345 504 1377 sic
527 1344 675 1376 dixerim
701 1344 884 1377 adversus.
930 1339 1060 1377 Quum
1086 1339 1123 1375 in
1148 1339 1217 1376 hoc
1240 1339 1322 1376 loco
1351 1339 1655 1391 interpretando,-

215 1396 414 1440 Ritterum,
458 1395 652 1439 Rothium,
690 1394 960 1443 Kiesslingium
1002 1399 1163 1440 secutus,
1202 1407 1222 1432 a
1260 1394 1471 1440 Gerlachio,
1502 1395 1648 1434 Orellio

214 1452 417 1502 ceterisque
478 1450 733 1500 compluribus
793 1450 1052 1494 dissenserim‚
1097 1450 1277 1487 confiteor
1321 1464 1379 1488 me
1424 1451 1463 1488 in
1509 1464 1648 1501 magna

214 1507 449 1545 dubitatione
482 1506 629 1551 versari,
666 1510 791 1544 utrum
822 1512 920 1544 recte
957 1518 978 1544 a
1008 1518 1067 1544 me
1105 1518 1163 1544 res
1200 1505 1391 1545 intellecta
1430 1507 1479 1544 sit
1517 1519 1647 1546 necne.

213 1564 284 1602 Sed
330 1563 428 1613 quod
472 1568 624 1600 censent
660 1561 710 1605 hi,
749 1562 970 1600 vocabulum
1003 1566 1173 1600 adversus
1203 1562 1238 1599 h.
1270 1562 1292 1599 l.
1324 1563 1533 1613 significare
1564 1576 1646 1601 eam

212 1624 320 1656 terrae
350 1623 506 1668 partem,
538 1630 621 1666 quae
651 1621 750 1654 esset
779 1618 1036 1654 Romanorum
1069 1617 1238 1666 vestigiis
1269 1618 1453 1668 opposita,
1483 1618 1520 1656 id
1555 1618 1647 1656 mihi

213 1673 387 1712 videntur
415 1671 646 1722 argumentis
676 1685 751 1709 non
783 1672 873 1710 satis
904 1672 1160 1723 comprobare.
1203 1672 1304 1710 Nam
1336 1673 1507 1724 exempla
1532 1674 1607 1719 illa,
1624 1672 1649 1717 ')

209 1729 345 1781 quibus
375 1729 598 1766 senteutiam
629 1741 734 1765 suam
767 1727 986 1766 confirma're
1015 1728 1181 1774 student,
1213 1741 1303 1766 num
1334 1729 1438 1767 aliud
1462 1730 1646 1775 indicant,

211 1785 281 1822 nisi
329 1784 407 1834 jam
458 1784 524 1821 illo
570 1789 738 1834 tempore
781 1789 916 1821 terram
964 1785 1087 1833 putari
1132 1784 1236 1833 globi
1282 1785 1441 1823 formam
1487 1785 1646 1823 habere?

209 1840 442 1878 Vocabulum
487 1843 657 1877 adversus
700 1843 825 1877 autem
870 1839 907 1877 in
955 1839 1012 1877 his
1049 1839 1243 1891 exemplis,
1283 1852 1357 1877 uno
1393 1847 1562 1892 excepto,
1593 1841 1646 1880 ita

210 1909 291 1933 cum
337 1896 419 1934 aliis
464 1895 585 1932 verbis
629 1895 871 1945 conjunctum
911 1900 980 1940 est,
1017 1899 1058 1932 ut
1097 1896 1286 1946 propriam
1318 1909 1424 1934 suam
1456 1897 1645 1947 significa·

209 1951 349 1989 tionem
381 1963 531 2002 prorsus
560 1951 741 1988 obtineat.
785 1951 830 1988 In
865 1951 1038 1988 Pliniano
1069 1951 1135 1988 illo
1159 1951 1343 2002 exemplo,
1371 1951 1416 1989 X.
1443 1957 1477 1997 7,
1496 1953 1646 1991 videtur

208 2007 357 2058 quidem
391 2020 468 2044 voc.
497 2010 678 2051 adversus,
710 2010 750 2043 ut
780 2006 951 2044 absolute
981 2007 1159 2057 positum,
1189 2007 1414 2045 translatum
1449 2021 1534 2045 eum
1559 2021 1645 2046 sen-

257 2137 278 2180 ')
298 2139 361 2171 Cic.
398 2139 495 2171 Acad.
530 2149 577 2181 pr.
609 2139 652 2178 ΙΙ,
677 2136 731 2177 39,
758 2136 832 2171 123.
881 2141 992 2172 Dicitis
1017 2143 1109 2171 etiam
1132 2151 1197 2172 esse
1221 2151 1237 2171 e
1260 2143 1387 2182 reyione
1410 2142 1508 2179 nobis,
1534 2152 1550 2172 e
1573 2152 1648 2173 con-

296 2188 401 2216 traria
431 2190 526 2225 parte
561 2191 663 2222 terr-w,
700 2188 751 2226 qui
786 2187 928 2217 adversis
963 2188 1099 2227 vestigiis
1128 2191 1208 2218 stent
1232 2191 1344 2217 contra
1367 2192 1478 2218 nostra
1501 2189 1644 2229 vesstyia,

295 2242 369 2272 quos
393 2225 599 2265 ἀντίποδας
622 2233 748 2262 vocatis.

384 2274 430 2306 Id.
466 2284 567 2306 somn.
605 2274 687 2317 Scip.
725 2272 755 2306 6.
807 2277 922 2307 Vides.
937 2300 944 2307 .
958 2299 966 2307 .
999 2286 1050 2307 eos
1074 2279 1126 2317 qui
1149 2277 1287 2307 incolunt
1311 2282 1444 2315 terram,
1468 2288 1530 2308 non
1553 2278 1646 2309 modo

295 2323 484 2361 interruptos
513 2323 558 2352 ita
589 2331 664 2358 esse,
688 2327 722 2352 ut
745 2322 823 2352 nihil
845 2324 926 2353 inter
949 2324 1031 2362 ipsos
1055 2323 1095 2353 ab
1119 2323 1191 2353 aliis
1214 2323 1259 2353 ad
1283 2323 1363 2354 alios
1386 2333 1519 2354 manare
1532 2325 1645 2364 pouit,

295 2367 350 2397 sed
379 2368 499 2406 partim
534 2367 681 2407 obliquos,
706 2369 828 2407 partim
856 2378 982 2398 aversos
1008 2369 1130 2407 partim
1153 2370 1245 2398 etiam
1268 2369 1419 2399 adversos
1441 2374 1529 2399 stare
1551 2370 1645 2400 vobis.

383 2410 455 2442 Ibid
478 2410 575 2443 infra.
597 2428 642 2432 -—
666 2413 727 2443 duo
750 2417 820 2443 sunt
843 2412 1026 2444 habitabiles
1052 2413 1222 2454 (cinquli),
1246 2423 1379 2454 quorum
1403 2414 1555 2445 australis
1578 2414 1646 2451 ille,

294 2459 327 2488 in
361 2468 420 2497 quo
454 2459 506 2497 qui
540 2459 696 2495 insistunt,
732 2460 868 2489 adversa
902 2459 985 2490 vobis
1019 2464 1133 2499 uryent
1167 2460 1308 2500 vestiyia,
1340 2459 1418 2491 nihil
1441 2460 1486 2491 ad
1508 2464 1644 2492 vestrum

294 2513 399 2543 §enus-

385 2545 467 2577 Plin.
497 2546 541 2584 ΙΙ,
567 2543 620 2579 68.
644 2564 688 2568 -
719 2548 810 2585 hunc,
835 2551 887 2589 qai
910 2551 1076 2588 septentrio
1100 2554 1230 2580 vocatur
1254 2560 1390 2591 eumque,
1415 2551 1468 2591 qui
1491 2551 1644 2581 adversus

295 2592 343 2623 illi
365 2594 524 2623 austrinus
547 2593 736 2632 appellatur.

383 2636 463 2668 Ibid.
498 2636 536 2675 X,
570 2635 602 2670 7.
653 2639 819 2669 Vultur-um
848 2639 1023 2679 proevalent
1057 2641 1151 2680 niqri.
1183 2640 1284 2671 Mdos
1314 2650 1402 2671 nemo
1426 2642 1548 2681 «καιρίῃ
1571 2640 1643 2671 ideo

294 2683 385 2711 etiam
402 2681 512 2721 fuere,
536 2685 587 2722 qui
606 2688 756 2722 putarent
779 2683 849 2714 illos
874 2694 912 2714 ea:
935 2685 1069 2714 adverso
1094 2685 1167 2715 orbe
1191 2685 1353 2717 advolare.
