1852 3211
1480 185 1538 231 2⁴

183 312 268 337 sum
314 299 460 344 habere,
505 312 613 350 quem
660 305 797 337 nostro
829 300 910 338 loco
954 300 1039 338 huic
1084 300 1165 338 voci
1207 299 1429 349 subjiciunt3
1468 303 1506 336 at
1544 297 1615 336 hoc

187 366 300 392 unum
348 354 559 405 exemplum
606 366 680 391 non
726 356 968 399 demonstrat,
1008 355 1106 406 quod
1148 355 1227 392 vult
1264 353 1497 398 Gerlachius,
1528 365 1613 391 eum

186 408 267 460 ejus
306 410 476 447 vocabuli
513 422 662 447 sensum
700 410 765 448 illo
803 416 970 461 tempore
995 410 1072 460 jam
1105 410 1282 448 usitatum
1322 422 1418 455 esse;
1450 409 1551 461 quod
1581 408 1613 447 si

183 469 296 509 esset,
341 465 451 502 etiam
497 465 536 502 in
579 464 647 503 hac
689 465 878 503 Gerlachii
922 470 959 502 et
995 465 1126 503 Orellii
1164 465 1472 517 interpretatione
1501 464 1614 503 verba

188 528 290 567 utque
320 526 367 557 sic
396 525 543 557 dixerim
575 534 846 571 supervacanea
885 525 1017 559 essent.
1079 522 1219 559 Dicunt
1249 521 1360 565 enim,
1392 521 1471 559 haec
1502 520 1613 558 verba

188 576 226 612 in
251 576 335 618 alia,
360 574 480 626 atque}
495 576 673 626 ipsorum,
689 576 996 626 interpretatione
1012 590 1091 614 esse
1106 589 1387 627 supervacanea.
1418 576 1610 614 Quoniam

186 630 315 681 igitur,
347 635 387 669 ut
418 630 525 669 docet
554 631 737 677 Ritterus,
769 631 848 668 haec
877 630 1102 680 significatio
1134 631 1303 669 vocabuli
1331 634 1500 667 adversus
1525 642 1614 668 uus-

186 699 300 737 quam
333 686 422 724 alibi
454 687 552 737 apud
584 685 754 724 Tacitum
787 688 981 735 reperitur,
1012 686 1074 724 sed
1109 686 1259 724 Oceano
1289 686 1397 731 infra,
1426 686 1517 736 Cap.
1550 689 1614 731 34,

190 742 247 779 vis
289 742 462 791 quaedam
508 741 672 778 animata
715 741 906 785 tribuitur,
953 741 1101 777 videtur
1145 741 1235 777 mihi
1275 741 1354 778 haec
1391 740 1615 790 significatio

187 797 301 834 etiam
348 797 417 834 hoc
460 796 542 833 loco
588 795 747 833 tenenda
794 808 883 833 esse.
943 794 1057 833 Quod
1095 796 1268 846 equidem
1305 795 1419 833 etiam
1457 795 1502 832 iis
1531 807 1616 845 quae

186 857 397 902 sequuntur
426 852 685 889 confirmatum
716 851 847 895 velim;
892 850 1092 901 respiciunt
1134 852 1232 888 enim
1262 850 1342 889 sine
1372 850 1487 888 dubio
1519 863 1551 886 v.
1583 863 1615 887 v.

188 911 326 943 horridi
355 911 391 944 et
421 911 529 953 iynoti
557 918 588 942 v.
623 919 655 944 v.
686 910 856 943 adversus
885 911 921 943 et
951 911 1145 944 immensus.

301 976 382 1009 orbe
410 981 550 1009 nostro:
578 972 602 1009 i.
633 986 664 1010 e.
696 973 791 1010 circa
825 985 923 1009 mare
954 972 1279 1011 mediterraneum.

300 1057 449 1095 proeter:
495 1048 564 1085 hoc
610 1061 686 1085 voc.
730 1049 851 1099 specie
895 1054 1042 1086 tantum
1088 1050 1122 1086 h.
1166 1049 1190 1085 1.
1234 1049 1411 1094 excludit,
1446 1061 1486 1085 re
1532 1060 1617 1085 vera

189 1108 318 1143 autem
355 1104 551 1154 conjungit
589 1104 697 1141 verba
734 1108 922 1152 periculum
952 1108 1087 1141 hor-ridi
1113 1112 1143 1142 et
1173 1109 1280 1152 synoti
1306 1109 1415 1141 maris
1444 1116 1527 1141 cum
1558 1103 1618 1149 iis,

191 1172 277 1209 quae
320 1166 527 1209 sequuntur
566 1160 612 1196 ad
650 1160 871 1197 sententiam
904 1160 1093 1209 scriptoris
1124 1160 1452 1209 comprobandam.
1510 1159 1618 1196 Conf.

192 1214 273 1252 Liv.
305 1214 454 1260 XXIII,
488 1219 548 1251 14.
595 1215 768 1252 Romanos
790 1223 918 1261 praeter
941 1219 1080 1251 insitam
1107 1219 1316 1251 industriam
1332 1219 1457 1251 animis
1469 1219 1617 1259 fortuna

190 1275 294 1307 etia-m
337 1275 496 1307 cunctari
533 1273 744 1316 prohibebat.
812 1270 907 1307 Vide
947 1270 1064 1319 Kriig.
1095 1271 1218 1308 Gram.
1250 1274 1311 1306 der
1340 1272 1418 1306 Lat.
1449 1271 1618 1316 Sprache,

193 1337 277 1374 pag.
310 1329 382 1361 441
419 1330 494 1361 not.
529 1330 563 1361 2.

303 1405 395 1438 cultu
414 1418 459 1432 =
479 1406 536 1440 att
573 1402 680 1439 bebo.
739 1401 845 1439 Cous.
875 1401 982 1446 infra,
1013 1402 1102 1451 Cap.
1141 1406 1197 1438 16.
1256 1402 1378 1438 Colunt
1408 1399 1551 1438 discreti
1575 1414 1619 1437 ac

192 1461 332 1499 diversi,
378 1465 414 1492 ut
456 1463 548 1503 forts,
592 1466 627 1493 ut
672 1470 826 1503 campus,
871 1464 907 1493 ιιε
944 1470 1063 1493 nemus
1098 1460 1238 1502 placuit.
1296 1456 1393 1494 Ibid.
1431 1457 1521 1505 Gap.
1552 1460 1616 1493 28.

193 1514 312 1560 Ipsam
341 1514 450 1550 Rheni
476 1518 591 1559 ripam
620 1516 713 1550 haud
744 1516 841 1549 dubie
870 1513 1125 1549 Germanorum
1153 1516 1272 1559 populi
1299 1516 1424 1549 colunt.

306 1595 376 1627 nisi
410 1596 459 1627 si:
503 1591 540 1626 in
583 1591 649 1627 hac
688 1590 951 1639 particularum
983 1588 1244 1638 conjunctione
1274 1589 1413 1639 ellipsis
1443 1588 1615 1638 quaedam

196 1647 288 1683 latet
332 1645 395 1687 ita,
433 1651 474 1681 ut
510 1646 554 1681 ad
598 1645 816 1682 vocabulum
848 1648 917 1679 nisi
943 1643 1092 1693 aliquod
1132 1656 1174 1679 ex
1213 1644 1520 1680 antecedentibus
1559 1642 1618 1678 in-

194 1700 442 1750 telligendum
482 1701 550 1746 sit3
588 1700 623 1739 h.
661 1700 683 1737 l.
713 1699 806 1737 fere:
837 1704 906 1736 nisi
932 1703 1035 1736 aliter
1063 1713 1099 1736 se
1127 1712 1182 1735 res
1212 1702 1323 1744 habet,
1353 1700 1386 1736 si
1411 1703 1532 1745 patria
1561 1702 1617 1735 sit.

195 1756 292 1793 Vide
315 1756 455 1804 Reisig.
493 1759 721 1801 Voreesunyen
745 1758 798 1792 ab.
822 1757 896 1791 Lat.
911 1755 1242 1800 Sprachwissensch.
1259 1757 1293 1799 §.
1314 1758 1402 1791 457.
1434 1754 1563 1792 Quum
1579 1753 1615 1790 h.

198 1813 218 1850 l.
245 1812 302 1849 hae
326 1811 518 1861 particulae
540 1811 706 1862 proxime
730 1810 939 1860 pertineant
955 1809 1000 1845 ad
1019 1809 1129 1846 verba
1146 1813 1275 1845 tristem
1290 1813 1381 1845 cultu
1397 1815 1616 1856 aspectuque,

196 1874 322 1906 tamen
354 1867 465 1904 etiam
497 1871 667 1916 spectant
696 1866 741 1903 ad
774 1870 848 1912 quis
876 1872 1015 1911 peteret.
1060 1864 1094 1901 S:
1126 1868 1186 1911 qui
1212 1866 1439 1901 Germaniam
1468 1867 1619 1900 incolunt

196 1924 377 1970 indiyenas
413 1926 612 1958 crediderim
621 1940 635 1967 ‚·
675 1934 756 1956 nam
786 1925 856 1956 nisi
881 1927 1004 1961 essent,
1033 1930 1240 1965 numquam,
1270 1923 1382 1963 credo,
1412 1932 1488 1955 eam
1516 1923 1621 1965 petis-

195 1986 284 2020 sent,
326 1990 434 2023 neque
467 1982 611 2024 petitam
647 1974 879 2017 incoluissent,
922 1988 1025 2020 quum
1063 1979 1196 2011 tristior
1230 1979 1274 2011 sit
1303 1978 1393 2010 cultu
1424 2004 1431 2011 .
1450 2000 1482 2010 ..
1513 1986 1618 2020 quam

198 2041 236 2070 ut
264 2037 298 2070 id
328 2037 361 2077 ii,
393 2045 538 2079 quoram
565 2036 686 2078 patria
713 2044 782 2066 non
810 2035 865 2074 sit,
888 2034 983 2076 serre
1005 2033 1148 2075 possint.
1194 2029 1365 2067 Ceterum
1392 2034 1619 2079 usurpantur

200 2089 258 2125 hae
289 2087 494 2138 particulae,
531 2087 593 2124 ubi
625 2085 765 2136 aliquid
799 2098 870 2121 non
903 2096 968 2134 pro
997 2088 1096 2121 certo
1126 2084 1344 2127 affirmatur,
1374 2084 1438 2121 sed
1469 2088 1617 2120 tantum

198 2144 336 2181 dicitur
374 2155 451 2180 esse
490 2154 607 2191 posse.
665 2143 761 2186 Coos.
793 2142 864 2176 Liv.
901 2141 953 2176 VI.
983 2145 1039 2177 26.
1071 2144 1103 2175 5.
1134 2138 1189 2176 ed.
1221 2138 1498 2177 Weissenborn.
1556 2140 1621 2176 Hic

200 2207 317 2237 noster
340 2227 348 2235 .
367 2225 375 2234 .
394 2226 402 2234 .
427 2201 562 2234 habitus
595 2202 661 2243 suit
696 2201 826 2242 eritque
854 2209 999 2241 semper,
1036 2199 1105 2230 nisi
1130 2199 1162 2231 si
1188 2198 1327 2241 quando
1356 2208 1380 2230 a
1409 2198 1502 2231 vobis
1534 2222 1542 2231 .
1574 2219 1582 2228 .
1608 2220 1617 2228 .

200 2267 304 2291 arma
346 2257 586 2299 acceperimus.
643 2252 787 2289 Eodem
833 2250 943 2287 modo
987 2249 1109 2286 Graeci
1154 2253 1310 2285 utuntur
1351 2249 1543 2298 particulis
1580 2242 1622 2289 εἶ

197 2306 259 2365 μὴ
290 2303 341 2351 εἶ.
398 2308 495 2346 Vide
523 2309 653 2345 Devar.
683 2311 723 2344 dc
752 2307 881 2344 Graecoe
909 2310 1034 2352 linquae
1067 2308 1258 2351 particulis.
1303 2303 1360 2341 ed.
1398 2306 1514 2342 Klotz.
1552 2306 1621 2341 Vol.

202 2368 247 2404 11.
276 2379 358 2413 paq.
388 2369 468 2401 5¹25.

311 2435 493 2468 memoriae:
524 2430 559 2468 h.
592 2429 615 2467 l.
646 2429 746 2480 quod
780 2440 901 2465 rerum
934 2426 1151 2465 memoriam
1182 2431 1388 2464 conservat.

319 2502 533 2537 wisconem-.-
562 2497 596 2535 J.
627 2496 854 2535 Grimmium
884 2498 1031 2532 secutus
1060 2493 1111 2531 ita
1141 2493 1283 2544 scripsi,
1315 2505 1389 2530 non
1418 2505 1502 2531 cum
1528 2492 1625 2530 Hal-

203 2556 291 2601 mio,
320 2553 477 2593 Finckio
520 2551 723 2602 ceterisque
766 2550 997 2588 Tuistonem.
1071 2549 1229 2587 Grimm.
1272 2548 1371 2585 enim
1410 2547 1625 2586 acutissime

203 2613 334 2649 docere
364 2609 501 2653 studet,
530 2608 599 2645 hoe
629 2619 763 2644 nomen
794 2606 1005 2647 ducendum
1029 2617 1107 2642 esse
1129 2617 1151 2642 a
1173 2603 1354 2642 vocabulo
1377 2602 1540 2654 quodam
1565 2608 1626 2647 civ,

202 2666 303 2718 quod
334 2665 503 2703 videatur
533 2663 664 2701 eaelum
696 2662 937 2711 significasse,
960 2665 996 2697 et
1022 2665 1139 2697 civisco
1160 2659 1288 2708 igitur,
1311 2659 1411 2709 quod
1444 2659 1481 2696 in
1505 2659 1628 2697 tuisco
