1852 3211
295 158 348 212 56

660 490 1200 539 Annotationes.

834 747 950 796 CAP.
986 747 1023 794 I.

328 871 525 910 Germania
555 872 689 907 omnis:
718 870 865 919 proprie
902 868 1126 906 Germanien
1158 867 1170 904 i
1201 867 1281 904 hela
1314 867 1370 904 siu
1399 867 1644 916 omfattning,

216 927 354 966 fattadt
383 926 503 964 sz'isom
536 930 589 963 ett
620 924 706 962 helt.
753 923 983 962 Vocabulum
1016 923 1193 962 Germani
1222 922 1369 960 videtur
1392 922 1543 961 Celticae
1565 922 1643 960 sive

216 983 371 1021 Gallieae
401 982 556 1030 originis
588 994 678 1027 esse,
709 986 745 1017 et
777 981 896 1030 primo
928 993 945 1016 a
979 979 1098 1016 Gallis
1134 979 1389 1029 Romanisque
1427 978 1641 1016 adhibitum

215 1039 262 1075 ad
300 1050 429 1075 omnes
458 1036 747 1074 transrhenanos
779 1035 938 1084 populos
970 1047 1044 1071 uno
1076 1034 1227 1071 nomine
1257 1034 1640 1084 comprehendendos.

213 1094 338 1143 Ipsam
371 1097 503 1129 terram
536 1091 697 1128 Romani
728 1090 911 1127 vocabant
935 1090 1169 1127 Germaniam
1191 1102 1371 1138 maqnam,
1394 1102 1467 1139 quo
1491 1088 1642 1126 nomine

214 1148 506 1193 distingueretur
520 1159 541 1183 a
558 1145 702 1182 duabus
718 1145 791 1182 illis
809 1145 1010 1195 provinciis
1025 1144 1266 1189 cisrhenanis,
1285 1144 1487 1183 Germania
1499 1146 1642 1194 superi·

213 1216 275 1240 ore
290 1209 324 1240 et
339 1204 529 1251 inferiore.
556 1201 661 1238 Conf.
685 1200 808 1237 Waitz
831 1200 1016 1238 Deutsehe
1040 1200 1496 1249 Verfassunqsqesckiehte,
1514 1198 1600 1236 Vol.
1622 1199 1640 1237 1

213 1270 297 1307 pag.
328 1257 406 1293 XII
438 1269 472 1293 n.
510 1260 541 1292 1.
587 1255 753 1305 Kiepert.
784 1254 1115 1303 Histor-Geograf.
1149 1254 1258 1292 Atlas
1290 1254 1354 1291 der
1392 1254 1493 1291 alten
1524 1254 1640 1300 Welt,

212 1312 433 1361 Einleitung
462 1325 547 1363 pag.
582 1316 754 1348 40—42.
779 1316 815 1347 et
840 1316 967 1348 annot.
994 1315 1110 1347 nostr.
1135 1309 1181 1347 ad
1208 1310 1299 1361 Cap.
1326 1309 1379 1347 II.
1422 1309 1479 1347 Ex
1500 1309 1639 1347 finibus

213 1368 408 1418 descriptis
452 1372 624 1418 apparet,
670 1367 840 1404 Tacitum
889 1367 923 1404 h.
971 1367 994 1403 l.
1041 1379 1102 1403 eas
1148 1372 1263 1403 terras
1307 1366 1509 1416 cogitasse,
1555 1378 1640 1416 quae

211 1423 486 1474 appellarentur
544 1422 744 1460 Germania
800 1436 942 1471 maqna.
1024 1422 1137 1461 Quod
1199 1427 1324 1459 autem
1377 1422 1639 1472 praetermissis

210 1478 410 1529 provinciis
461 1478 534 1515 illis
579 1478 779 1517 Germania
820 1480 1010 1527 superiore
1053 1484 1087 1515 et
1129 1479 1312 1526 inferiore,
1357 1490 1441 1527 quae
1486 1477 1638 1515 nomina

209 1534 365 1572 fortasse
410 1534 521 1571 etiam
567 1546 640 1570 non
686 1534 724 1570 in
769 1533 1079 1571 consuetudinem
1114 1538 1303 1577 venerant,
1336 1537 1461 1570 tamen
1501 1532 1639 1583 adjecit

211 1602 286 1627 voc.
331 1591 454 1634 omnis,
498 1589 565 1627 hac
609 1602 645 1625 re
685 1588 776 1625 mihi
815 1588 962 1625 videtur
998 1590 1151 1626 Tacitus
1194 1588 1354 1626 voluisse
1384 1588 1562 1631 indicare,
1601 1601 1640 1625 se

209 1658 283 1682 uno
321 1645 471 1681 nomine
510 1645 710 1683 Germania
748 1644 781 1681 h.
820 1644 842 1680 l.
882 1645 1197 1694 comprehendere
1234 1649 1362 1687 terras,
1394 1644 1530 1694 quibus
1571 1657 1637 1681 sua

207 1712 354 1749 quoque
398 1700 547 1750 propria
593 1700 743 1736 nomina
792 1703 925 1742 essent,
957 1700 1028 1736 alia
1068 1700 1161 1737 aliis.
1220 1700 1327 1736 Conf.
1359 1713 1401 1737 ea
1432 1712 1516 1749 quae
1547 1699 1637 1749 Cap.

205 1754 246 1791 II
278 1755 323 1791 de
355 1755 505 1791 nomine
536 1755 810 1791 Germanorum
841 1754 1129 1803 disputavimus.
1184 1754 1292 1792 Conf.
1325 1759 1504 1804 praeterea
1543 1754 1637 1792 Caes.

206 1809 249 1847 B.
287 1809 333 1848 G.
367 1809 396 1847 Ι.
433 1814 462 1846 1.
499 1813 530 1847 1.
589 1809 716 1848 Gallia
754 1816 807 1847 est
836 1811 949 1847 omnis
979 1810 1099 1848 divisa
1128 1812 1165 1847 in
1189 1816 1323 1860 partes
1361 1816 1447 1854 tres,
1478 1822 1636 1860 quarum

204 1865 240 1901 in
280 1865 529 1915 descriptione
558 1865 653 1902 nihil
693 1865 830 1902 dicitur
868 1865 913 1902 de
952 1866 1145 1914 provincia
1184 1866 1248 1903 illa
1295 1866 1479 1903 Romana.
1538 1865 1637 1904 Quae

204 1932 317 1970 quum
350 1921 402 1957 ita
426 1920 512 1966 sint,
540 1920 667 1957 videor
693 1920 785 1957 mihi
811 1921 1033 1957 sententiam
1061 1921 1253 1971 scriptoris
1276 1921 1495 1972 exprimere,
1519 1932 1635 1971 quum

205 1989 235 2013 v.
266 1978 378 2014 omnis
408 1977 650 2027 interpretor:
681 1978 696 2013 i
722 1977 930 2014 vz'dstrackt
958 1977 1189 2015 bemarkelse.

314 2032 434 2070 Gallis
456 2033 645 2081 Roetisque
670 2038 704 2069 et
725 2034 950 2070 Pannoniis:
982 2033 1134 2070 nomina
1158 2033 1327 2082 gentium
1355 2045 1422 2083 pro
1440 2036 1635 2069 terrarum.

203 2099 279 2124 voc.
310 2087 430 2125 Gallis
459 2087 691 2125 referendum
723 2092 779 2124 est
810 2087 856 2125 ad
887 2100 965 2125 voc.
988 2089 1127 2131 Rheno,
1154 2102 1208 2125 vv.
1234 2089 1353 2126 Roetz's
1375 2092 1411 2125 et
1432 2089 1637 2126 Pannoniis

202 2142 246 2179 ad
275 2156 350 2181 voc.
373 2144 556 2181 Danubio.
596 2143 655 2180 Ita
680 2143 778 2180 enim
804 2143 994 2182 interdum
1030 2144 1223 2195 particulae
1246 2151 1368 2195 que-et
1395 2147 1635 2194 usurpantur,

201 2202 242 2234 ut
273 2212 341 2247 que
370 2198 575 2248 conjungat
606 2199 680 2235 duo
710 2199 890 2244 membra,
914 2212 1072 2250 quorum
1098 2201 1283 2250 posterius
1307 2200 1419 2237 etiam
1443 2200 1636 2237 contineat

200 2253 275 2290 duo
323 2253 501 2292 voeabula
547 2267 612 2304 per
654 2253 876 2305 particulam
922 2261 957 2292 et
993 2256 1091 2293 inter
1129 2269 1167 2293 se
1197 2254 1464 2294 connectenda.
1525 2254 1633 2294 Conf.

199 2309 294 2347 infra
339 2310 427 2359 Cap.
464 2314 496 2347 3.
552 2311 671 2348 Aram
706 2317 892 2360 repertam
917 2339 925 2348 .
943 2339 978 2349 ..
1008 2319 1306 2362 monumentaque
1335 2318 1370 2350 et
1401 2313 1634 2349 tumulos...

200 2371 357 2403 exstare.
401 2365 484 2402 Liv.
514 2365 546 2402 I.
584 2370 643 2404 10.
683 2370 712 2403 1.
757 2368 809 2403 At
838 2373 1035 2417 raptarum
1056 2375 1235 2418 parentes
1266 2374 1339 2405 tum
1368 2369 1523 2405 maa-ime
1551 2380 1636 2404 sor-

199 2421 288 2458 dida
324 2427 420 2458 veste
450 2422 681 2472 lacrimisque
712 2429 746 2460 et
776 2424 932 2472 querelis
961 2425 1126 2462 civitates
1156 2424 1388 2462 concitabant
1405 2454 1412 2461 .
1432 2455 1439 2461 .
1457 2452 1465 2460 .
1483 2450 1491 2458 .
1550 2423 1635 2461 Liv.

199 2477 249 2513 ΙΙ.
285 2482 317 2513 5.
350 2481 385 2514 8.
430 2477 605 2515 Nudatos
634 2479 748 2527 virgis
779 2479 948 2515 caedunt.
965 2507 972 2515 .
989 2505 997 2514 .
1021 2492 1101 2516 cum
1122 2482 1217 2517 inter
1240 2493 1340 2517 omne
1366 2485 1504 2529 tempus
1521 2485 1635 2529 pater

198 2532 390 2581 vultusque
421 2538 454 2568 et
482 2546 522 2569 os
552 2535 628 2579 ejus
657 2534 867 2583 spectaculo
897 2540 1001 2571 esset.

310 2601 333 2624 a
356 2587 541 2625 Sarmatis
557 2589 762 2638 Dacisque:
787 2588 821 2626 h.
842 2588 865 2626 l.
891 2602 935 2626 ex
962 2602 1040 2628 voc.
1065 2589 1277 2634 Germania,
1301 2588 1401 2640 quod
1431 2587 1633 2635 antecedit,

201 2643 376 2682 Germani
403 2642 563 2693 intelligi
596 2644 744 2682 debent.
804 2644 978 2684 Suethice
1009 2645 1160 2697 quidem
1193 2645 1241 2682 ob
1274 2645 1494 2683 vocabulum
1526 2651 1634 2690 metu,
