1852 3211
288 171 314 212 4

218 280 327 325 Sunt
380 281 506 330 enim,
543 280 615 336 qui
661 287 814 336 putent
859 277 1056 319 Tacitum
1102 277 1144 319 in
1189 277 1269 319 hoc
1305 276 1416 319 libro
1452 276 1641 318 conscri-

219 349 360 393 bendo
395 349 438 391 id
474 347 685 405 praecipue
722 347 874 404 egisse,
912 356 971 395 ut,
1016 346 1117 388 dum
1164 345 1353 387 sinceros
1391 342 1642 387 Germano-

220 433 311 459 rum
349 430 488 459 mores
523 415 927 471 simplicitatemque
965 414 1061 455 vitae
1098 414 1363 469 depingeret,
1395 412 1643 468 deperditos

219 484 342 526 etiam
381 499 554 525 suorum
594 483 747 525 civium
794 496 946 530 mores,
982 480 1211 529 luxuriam,
1248 480 1524 535 cupiditatem
1564 493 1643 522 ca-

216 551 412 606 stigaret;
449 550 520 591 alii
558 557 700 591 autem
737 549 780 590 id
817 563 913 591 eum
943 556 1159 604 spectasse
1183 547 1392 603 judicant,
1419 555 1465 589 ut
1486 563 1510 588 a
1530 546 1644 590 bello

219 633 314 660 cum
353 615 581 660 Germanis
618 623 776 658 temere
813 615 1085 671 suscipiendo
1121 614 1355 669 Trajanum
1393 616 1643 663 deterreret,

220 685 304 734 alii,
330 693 376 727 ut
413 685 629 741 appendix
668 684 862 739 quaedam
901 683 969 725 hic
1005 682 1175 725 libellus
1213 682 1330 724 fieret
1356 682 1533 737 majoris
1560 682 1644 723 ali—

220 754 343 808 cujus
380 753 531 808 operis,
569 753 682 808 quod
723 752 850 795 edere
882 752 970 806 jam
1009 751 1300 800 meditaretur,
1338 762 1379 792 et
1409 749 1479 791 alii
1507 749 1644 792 aliter.

221 819 308 862 Sed
345 836 483 875 neque
520 821 647 862 credo
683 819 893 866 Tacitum,
930 820 962 860 si
993 819 1201 873 ejusmodi
1230 818 1392 873 aliquid
1414 818 1642 873 separatim

220 896 467 943 spectasset,
520 887 563 928 id
616 899 715 928 nonv
747 887 891 941 aliquo
927 887 1077 927 saltem
1116 886 1243 940 hujus
1279 886 1411 928 libelli
1447 886 1541 927 loc-o
1577 887 1645 927 in-

221 955 458 996 dicaturum
496 955 637 1003 fuisse,
675 962 716 995 et
754 954 921 994 videtur
958 954 1059 995 mihi
1096 954 1269 1008 quidem
1308 969 1331 993 a
1368 953 1508 994 Taciti
1542 969 1643 1010 gra-

220 1021 350 1063 vitate
395 1022 520 1062 animi
566 1021 813 1076 ingeniique
853 1021 892 1061 vi
929 1035 977 1062 ac
1014 1021 1313 1077 magnitudine
1356 1021 1540 1062 alienum
1578 1020 1645 1062 fu-

220 1088 314 1136 isse,
367 1103 498 1143 quum
555 1087 772 1136 scriberet,
818 1087 1047 1142 quicquam
1103 1088 1219 1129 aliud
1271 1086 1351 1129 sibi
1391 1102 1646 1144 proponere,

219 1155 299 1196 nisi
333 1164 498 1203 utrem,
525 1155 576 1195 de
603 1169 687 1209 qua
713 1168 757 1195 se
793 1155 979 1196 scribere
1016 1155 1301 1209 profiteretur,
1337 1169 1464 1210 quam
1502 1164 1646 1211 posset

218 1221 307 1264 fieri
344 1220 668 1277 diligentissime
704 1228 745 1263 et
783 1235 805 1263 e
843 1222 1021 1263 veritate
1058 1221 1242 1264 maxime
1278 1222 1528 1278 explicaret.

355 1322 568 1378 Equidem
628 1323 758 1379 igitur
816 1338 967 1365 censeo
1028 1323 1133 1365 nihil
1192 1337 1296 1372 esse,
1351 1324 1467 1380 quod
1525 1324 1644 1366 aliud

220 1389 357 1432 Taciti
395 1390 628 1439 consilium,
666 1405 795 1446 quum
835 1392 888 1432 ad
925 1391 1006 1435 hoc
1031 1389 1644 1450 opus'aggrederetur,suspi-

218 1471 376 1507 cemur,
429 1458 508 1499 nisi
563 1466 608 1499 ut
661 1459 887 1514 diligenter
928 1469 969 1501 et
1006 1459 1196 1516 graviter
1232 1460 1275 1501 in
1312 1457 1646 1511 Germanorum,

217 1524 485 1567 illustrissimi
538 1524 651 1567 illius
706 1526 875 1582 populi,
928 1541 1007 1576 res,
1059 1542 1221 1576 mores,
1275 1527 1523 1583 disciplinas
1577 1528 1645 1569 in-

220 1592 416 1646 quireret.

353 1679 398 1722 Si
454 1695 553 1722 vero
598 1681 786 1723 libellum
840 1683 978 1739 ipsum
1032 1683 1291 1740 inspicimuS,
1335 1684 1470 1726 multa
1512 1685 1555 1727 in
1593 1699 1645 1728 eo

218 1747 320 1789 mihi
357 1748 557 1790 videntur
593 1763 683 1791 esse
729 1750 900 1799 indicia,
945 1766 1040 1806 quae
1083 1752 1193 1794 hanc
1238 1753 1494 1795 sententiam
1541 1768 1643 1796 con-

216 1815 400 1857 firment.
473 1813 590 1868 Quid
636 1817 762 1865 enim,
809 1818 926 1873 quod
963 1820 1005 1860 in
1043 1819 1107 1869 iis,
1146 1835 1240 1875 quae
1277 1820 1330 1861 ad
1367 1822 1641 1864 tractandum

216 1891 413 1939 suscepta
450 1894 563 1933 sunt,
601 1884 705 1925 nihil
750 1886 837 1926 fere
872 1886 1049 1928 Tacitus
1094 1889 1416 1944 praetermisisse
1460 1889 1643 1941 videtur,

217 1951 332 2006 quod
370 1951 423 1992 ad
463 1964 606 1992 veram
642 1952 869 2010 imaginem
907 1954 1003 1996 vitae
1039 1968 1088 1997 ac
1124 1969 1287 1998 morum
1325 1955 1454 2012 hujus
1492 1958 1641 2015 populi

215 2018 537 2073 exprimendam
594 2020 853 2075 pertineret?
907 2023 1022 2077 quod
1076 2023 1118 2064 in
1174 2024 1300 2065 rebus
1354 2025 1521 2067 traditis
1573 2026 1641 2068 vel

216 2085 477 2128 affin-mandis
533 2087 598 2128 vel
652 2088 896 2130 refellendis
946 2091 1093 2132 miram
1147 2093 1366 2147 quandam
1422 2093 1546 2136 fidem
1591 2108 1642 2136 ao

215 2152 481 2209 diligentiam
546 2154 720 2197 adhibet
740 2156 798 2210 ¹)‘?
857 2158 995 2212 quod,
1063 2160 1257 2215 quamvis
1323 2161 1451 2203 totius
1510 2162 1641 2204 animi

214 2219 436 2275 voluptate
490 2220 687 2262 videatur
728 2222 770 2263 in
826 2223 1053 2267 virtutibus
1107 2234 1148 2267 et
1199 2227 1463 2283 simplicibus
1514 2229 1641 2271 mori-

215 2285 292 2329 bus
328 2287 613 2344 libertateque
657 2287 971 2334 Germanorum
1016 2294 1339 2338 considerandis
1384 2297 1640 2352 acquiesce—

261 2427 284 2468 ¹)
304 2430 379 2472 Cap.
405 2428 435 2461 3.
463 2455 469 2461 .
497 2455 503 2461 .
530 2456 536 2463 .
561 2444 626 2472 quae
650 2444 744 2473 neque
768 2435 956 2474 confirmare
979 2440 1168 2477 aryumentz's
1186 2450 1281 2479 neque
1304 2441 1455 2480 refellere
1479 2444 1512 2472 in
1535 2444 1639 2472 animo

349 2482 410 2507 est:
435 2488 473 2507 ex
496 2480 618 2517 inyem'o
642 2490 696 2509 suo
720 2482 845 2519 quisque
870 2482 971 2512 demat
995 2484 1041 2513 vel
1065 2484 1164 2514 addat
1181 2485 1290 2523 fidem.

303 2520 378 2563 Cap.
403 2517 433 2553 5.
481 2523 545 2554 Nec
581 2527 681 2554 tamen
718 2523 948 2564 affirmaverim
982 2528 1100 2559 nullam
1136 2529 1309 2562 Germanice
1344 2541 1453 2563 venam
1476 2537 1641 2572 arqentum

346 2577 494 2597 aurumve
517 2571 665 2609 9iynere;
688 2572 755 2609 quis
780 2573 859 2600 enim
882 2578 1040 2603 scrutalus
1064 2575 1128 2604 est?

301 2607 454 2687 Cap.lf16.
504 2613 611 2643 Cetera
629 2613 702 2654 jam
718 2614 881 2654 sabulosa,
908 2639 916 2647 .
941 2642 947 2648 .
973 2642 979 2648 .
1004 2620 1085 2658 quod
1109 2629 1163 2659 eqo
1187 2625 1220 2650 ut
1243 2622 1466 2661 incompertum
1489 2623 1521 2652 in
1539 2622 1640 2653 medio

346 2666 527 2697 remquam.
