1852 3211
1552 181 1576 223 5

219 289 327 345 re'),
378 298 518 333 tamen
574 305 658 334 non
703 292 857 334 omittit
893 294 1020 335 etiam
1068 292 1120 333 de
1157 293 1271 334 vitiis
1298 307 1446 335 eorum
1493 306 1650 334 narra-

218 358 339 413 re²)?
378 357 483 400 Haec
507 359 651 401 omnia
676 360 780 415 quid
805 360 996 404 indicant
1018 360 1148 409 aliud,
1175 360 1254 402 nisi
1279 362 1417 416 majus
1442 360 1648 416 quiddam

218 425 316 468 huic
369 426 489 481 operi
534 425 733 468 Tacitum
771 427 984 477 tribuisse,
1022 442 1152 483 quam
1192 437 1236 469 ut
1272 428 1316 469 id
1352 428 1479 470 alicui
1515 427 1649 485 ipsius

215 493 395 535 consilio
431 493 673 536 inserviret.

356 557 523 612 Quibus
560 562 603 604 in
642 561 705 604 his
744 561 871 604 rebus
915 562 1150 604 tractandis
1186 562 1363 606 Tacitus
1400 562 1647 605 auctoribus

217 642 320 670 usus
357 628 423 677 sit,
448 628 617 670 difficile
653 635 717 671 est
753 628 909 678 dicere,
947 644 1079 684 quum
1118 630 1281 671 nullum
1319 630 1410 672 fere
1436 630 1568 685 ipsius
1594 629 1648 671 de

216 710 269 737 ea
299 711 344 737 re
380 696 584 738 indicium
614 696 987 752 deprehendimus.
1041 694 1085 737 J.
1112 694 1324 738 Caesarem
1352 712 1484 738 unum
1506 696 1650 738 nomi-

219 764 350 805 natim
379 772 681 806 commemorat
709 761 817 819 Cap.
839 764 914 806 ‘'28.
960 762 1047 806 Sed
1077 763 1182 806 alios
1211 765 1338 806 etiam
1370 779 1466 806 eum
1495 764 1650 806 adiisse

217 846 360 873 rerum
387 832 621 886 scriptores
649 830 940 887 compluribus
963 832 1066 873 locis
1087 840 1278 887 apparet..
1316 831 1527 873 Finckius
1549 831 1651 887 qui-

218 900 315 939 dem
355 898 466 938 inter
504 899 610 939 alios
648 900 837 940 nominat
874 899 926 939 Τ.
964 899 1151 948 Livium,
1190 898 1494 956 Agrippinam,
1534 897 1651 941 Ger—

221 965 374 1006 manici
430 966 571 1013 filiam,
619 980 713 1020 quae
749 966 792 1006 in
829 967 1145 1007 commentariis
1182 976 1223 1008 et
1261 966 1525 1008 orationibus
1561 967 1649 1008 suis

221 1033 351 1073 multa
390 1032 443 1073 de
480 1031 798 1074 Germanorum
836 1034 962 1075 rebus
992 1034 1216 1082 attulisset,
1253 1033 1466 1076 Lentulos
1497 1032 1650 1076 Gaetu-

219 1100 337 1148 licos,
375 1108 540 1155 patrem
578 1111 618 1142 et
656 1101 801 1147 filium,
839 1100 1025 1141 Plinium
1066 1102 1283 1156 majorem,
1332 1102 1452 1156 cujus
1491 1101 1648 1143 librum

219 1166 274 1209 de
312 1165 548 1208 Germania
591 1168 796 1222 scriptum
835 1167 945 1209 Plin.
984 1168 1121 1209 minor
1157 1176 1474 1217 commemorat,
1513 1167 1649 1224 Epist.

219 1232 303 1276 III.
346 1234 393 1276 5:
437 1234 651 1277 Bellorum
687 1232 918 1276 Germanice
953 1235 1096 1290 viyinti
1131 1234 1277 1289 (libri),
1316 1235 1462 1291 quibus
1497 1235 1648 1285 omnia,

217 1317 309 1358 quae
344 1318 436 1343 cum
472 1300 688 1344 Germanis
719 1302 916 1357 yessimus
951 1302 1066 1351 bella,
1102 1302 1268 1357 colleyit.

357 1370 443 1411 Sed
482 1371 708 1412 verisimile
753 1370 878 1411 etiam
926 1380 1001 1417 est,
1039 1370 1235 1411 Tacitum
1274 1372 1408 1411 multa
1446 1370 1498 1411 de
1537 1367 1651 1411 Ger-

221 1439 363 1479 mania
399 1439 651 1492 cognovisse
689 1453 740 1479 ex
778 1438 943 1479 nunciis
983 1438 1048 1478 vel
1086 1438 1302 1479 hominum
1337 1437 1649 1486 Romanorum,

222 1507 293 1561 qui
333 1507 374 1546 in
413 1503 650 1547 Germania
687 1506 988 1553 militaverant,
1038 1505 1103 1546 vel
1142 1513 1428 1547 mercatorum
1469 1505 1534 1546 vel
1572 1505 1649 1545 de-

222 1574 350 1628 nique
389 1571 705 1614 Germanorum
743 1573 945 1627 ipsorum,
984 1573 1055 1627 qui
1092 1573 1211 1613 multi
1250 1587 1299 1614 eo
1336 1580 1529 1628 tempore
1558 1572 1650 1614 Ro-

222 1655 334 1682 mam
373 1640 492 1681 adire
529 1640 738 1681 solebant.

360 1705 542 1749 Codices
572 1705 816 1750 Germaniae
847 1707 939 1757 plus
971 1707 1122 1763 viginti
1144 1716 1254 1756 sunt,
1277 1722 1459 1762 quorum
1487 1705 1648 1748 nullius

225 1776 395 1818 videtur
433 1776 553 1832 origo
591 1791 719 1831 supra
758 1791 913 1816 annum
963 1773 1081 1815 1460
1120 1774 1354 1830 repetenda
1391 1788 1494 1815 esse.
1552 1772 1650 1814 Ve—

223 1844 413 1886 tustioris
468 1843 639 1898 quidem
695 1843 851 1885 codicis
900 1843 1076 1898 vestigia
1112 1842 1287 1884 inventa
1324 1849 1423 1882 sunt
1459 1842 1500 1882 in
1538 1840 1648 1883 libro

272 1962 294 2006 ¹)
315 1965 390 2009 Cap.
417 1961 469 1997 17.
518 1966 634 1996 Severa
667 1964 734 1996 illic
769 1965 977 2000 matrimonia,
1019 1973 1074 1994 nec
1109 1964 1204 1995 ullam
1240 1972 1359 1994 morum
1389 1967 1514 2004 partem
1548 1963 1651 2003 mayis

359 2013 547 2042 laudaveris.

314 2057 389 2097 Cap.
415 2052 467 2088 19.
514 2057 609 2087 Nemo
634 2056 712 2086 enim
736 2054 799 2086 illic
822 2056 895 2085 vitia
926 2054 1020 2091 ridet,
1050 2064 1106 2084 nec
1135 2064 1335 2094 corrumpere
1359 2058 1387 2084 et
1412 2054 1570 2093 corrumpi
1593 2063 1651 2083 εω-

359 2103 460 2133 calum
483 2106 612 2132 vocatur
625 2124 632 2131 .
648 2124 654 2130 .
670 2124 675 2131 .
691 2124 697 2130 .
708 2100 839 2140 plusque
867 2101 909 2130 ibi
932 2100 1001 2130 boni
1021 2109 1121 2129 mores
1138 2100 1250 2136 valent,
1269 2109 1362 2140 qaam
1374 2098 1449 2129 alibi
1461 2099 1544 2128 bonoe
1557 2099 1649 2139 leyes.

314 2148 390 2188 Cap.
414 2143 468 2177 20.
514 2147 581 2176 Sua
603 2155 747 2186 quemque
771 2150 871 2174 mater
899 2145 1041 2174 uberibus
1071 2145 1139 2181 alit,
1169 2155 1225 2174 nec
1256 2145 1379 2173 ancillis=
1402 2148 1456 2173 aut
1479 2144 1651 2173 nutricibus

359 2193 551 2231 deleyantur.
578 2213 585 2220 .
611 2213 618 2220 .
645 2214 651 2220 .
676 2191 757 2220 Sera
775 2190 922 2229 juvenum
945 2200 1048 2225 venus,
1073 2199 1165 2229 eoque
1188 2190 1373 2220 inexhausta
1392 2189 1552 2227 pubertas.

315 2238 392 2278 Cap.
417 2233 448 2267 7.
497 2237 532 2266 In
551 2237 696 2275 proximo
718 2236 853 2274 pignora
878 2258 884 2265 .
911 2257 917 2263 .
945 2257 951 2263 .
976 2234 1018 2265 Hi
1042 2235 1148 2274 cuique
1167 2235 1351 2265 sanctissimi
1366 2237 1466 2269 testes,
1479 2233 1511 2263 hi
1523 2233 1650 2263 maximi

359 2283 549 2314 laudatores.

315 2327 390 2369 Cap.
414 2323 468 2358 23.
516 2325 579 2356 Cibi
606 2325 770 2364 simplices,
801 2327 940 2365 aqrestia
965 2335 1060 2365 poma
1084 2345 1092 2354 .
1120 2347 1127 2355 .
1154 2347 1160 2354 .
1185 2326 1249 2354 sine
1273 2328 1443 2363 apparatu,
1475 2324 1540 2353 sine
1563 2322 1652 2352 blan-

360 2373 500 2403 dimentis
524 2371 679 2410 expellunt
695 2369 826 2410 famem.

316 2418 391 2459 Cap.
416 2414 470 2448 11.
516 2418 593 2446 Moz
629 2426 686 2445 rex
720 2416 767 2446 vel
798 2418 943 2455 princeps
973 2437 981 2445 .
1007 2437 1014 2444 .
1040 2438 1047 2445 .
1072 2415 1243 2444 audiuntur
1277 2415 1462 2443 auctoritate
1497 2412 1652 2442 suadendi

361 2464 460 2503 mayis
483 2471 574 2502 quam
595 2460 724 2502 jubendi
744 2465 902 2500 potestate.

270 2508 298 2551 ²)
320 2509 394 2551 Cap.
419 2504 473 2538 22.
521 2508 611 2537 Diem
634 2511 806 2546 noctemque
830 2507 1010 2536 continuare
1029 2505 1168 2544 potando
1198 2504 1276 2533 nulli
1305 2503 1469 2542 probrum.
1516 2501 1652 2537 C'rebroe,

360 2559 393 2584 ut
415 2556 497 2584 inter
519 2551 697 2587 vinolentos,
723 2553 800 2581 rioeae
824 2561 903 2581 raro
927 2552 1082 2586 conviciis,
1106 2560 1184 2588 soepe
1208 2549 1289 2580 coede
1312 2554 1340 2579 et
1363 2548 1538 2579 vulneribus
1562 2552 1655 2578 tran-

360 2601 386 2630 si
409 2602 512 2629 untur.

316 2610 408 2685 Cap?
418 2639 472 2674 23.
519 2642 553 2673 Si
576 2640 743 2672 indulseris
768 2641 908 2670 ebrietati
930 2639 1124 2680 euyqerendo
1149 2643 1295 2679 quantum
1319 2639 1549 2677 concupiscunt,
1568 2637 1655 2667 haud

362 2691 461 2720 minus
478 2687 582 2729 facile
605 2687 696 2723 vitiis,
721 2696 813 2726 quam
836 2687 934 2715 armis
956 2687 1126 2715 vincentur.

318 2734 395 2776 Cap.
419 2731 450 2766 9.
500 2734 635 2764 Deorum
671 2733 802 2762 maxime
837 2732 1031 2761 Mercurium
1055 2731 1169 2767 colunt,
1195 2731 1243 2760 cui
1266 2730 1359 2759 certis
1383 2728 1489 2759 diebus
1514 2727 1657 2758 humanis

363 2791 479 2822 quoque
502 2780 608 2811 hostiis
632 2779 724 2809 litare
740 2775 802 2817 fas
826 2777 947 2808 habent.
