1852 3211
0 3048 262 3211 3.»...

299 177 354 219 42

226 288 335 343 Quae
398 303 538 344 neque
601 286 852 330 confirmare
912 281 1193 340 argumentis,
1257 293 1396 335 neque
1457 276 1655 320 refellere

225 359 269 400 in
305 357 446 399 animo
483 363 568 399 est:
606 370 658 397 ex
695 353 866 410 ingenio
901 366 981 394 suo
1019 350 1200 406 quisque
1238 349 1379 391 demat
1420 346 1488 389 vel
1524 344 1656 387 addat

225 425 365 468 fideuh

272 523 295 562 Ι)
314 524 447 554 baritum
471 524 508 554 R.
532 524 585 554 Re.
612 524 644 554 T.
678 522 719 553 W.
744 523 776 552 in
801 522 943 562 maryine
967 520 1000 551 S.
1024 528 1118 559 super
1146 518 1253 557 script.
1271 517 1312 547 N.
1345 516 1501 548 harditum
1515 514 1658 555 plurimi.

270 579 299 617 ²)
315 580 430 610 Voces.
446 602 474 609 ..
499 580 643 609 videntur
666 579 756 609 codd.
781 579 926 607 vocis...
951 576 1073 606 videtur
1097 573 1227 614 conjecit
1251 573 1430 609 Rhenanus,
1454 582 1541 612 quem
1564 572 1660 602 sec-icti

316 640 386 666 sunt
411 635 513 666 Halm.
538 640 566 666 et
591 636 688 665 Ηααε.

273 690 299 730 ³)
319 692 431 722 Mentis
455 696 618 722 concentus
641 693 676 721 A.
702 691 739 720 Β.
765 690 886 720 virtutis
911 690 1071 718 concentus
1096 688 1197 717 ceteri.

903 1023 981 1063 lv.

364 1127 462 1184 Ipse
501 1140 644 1168 eorum
682 1126 957 1182 opinionibus
994 1126 1165 1174 accedo,
1202 1124 1275 1180 qui
1303 1123 1550 1166 Germaniae
1576 1138 1661 1181 po·-

229 1196 353 1251 pulos
407 1194 534 1236 nullis
580 1195 673 1235 aliis
718 1194 896 1235 aliarum
945 1194 1164 1235 nationum
1212 1191 1438 1234 connubiis
1474 1192 1658 1235 infectos

231 1261 448 1319 propriam
504 1269 544 1303 et
596 1261 803 1303 sinceram
859 1270 900 1302 et
947 1268 1110 1302 tantum
1157 1261 1220 1302 sui
1265 1259 1445 1301 similem
1485 1268 1659 1316 gentem

231 1330 436 1371 exstitisse
479 1329 757 1370 arbitrantur.
828 1327 959 1370 Unde
996 1327 1166 1370 habitus
1204 1342 1379 1383 quoque
1416 1342 1660 1383 corporum,

230 1411 486 1452 quamquam
533 1396 573 1436 in
620 1404 739 1436 tanto
786 1396 1003 1437 hominnm
1050 1410 1244 1443 numero,
1290 1396 1402 1437 idem
1441 1394 1660 1438 omnibus:

230 1476 367 1505 truces
404 1473 445 1505 et
483 1464 650 1505 eaerulei
689 1464 816 1512 oculi,
854 1465 991 1505 rutilae
1027 1478 1170 1511 comae,
1209 1478 1365 1519 magna
1403 1478 1581 1518 corpora
1618 1469 1661 1505 et

229 1540 391 1572 tantum
438 1530 492 1571 ad
537 1531 739 1585 impetum
790 1531 951 1572 valida:
991 1531 1150 1572 laboris
1187 1541 1320 1585 atque
1358 1545 1534 1586 operum
1574 1545 1659 1572 non

228 1598 375 1639 eadem
434 1598 657 1653 patientia;
713 1598 974 1653 minimeque
1025 1599 1136 1639 sitim
1183 1608 1421 1653 aestumque
1460 1598 1661 1646 tolerare,

227 1665 388 1721 frigora
424 1673 555 1720 atque
592 1666 774 1707 inediam
814 1666 915 1707 oaelo
952 1666 1098 1708 solove
1137 1675 1376 1707 assuerunt.

913 1943 969 1985 V.

361 2047 498 2089 Terra
551 2048 629 2090 etsi
684 2049 907 2103 aliquanto
952 2050 1093 2105 specie
1132 2049 1289 2098 differt,
1328 2049 1371 2090 in
1411 2048 1658 2090 universum

226 2127 369 2157 tamen
407 2123 480 2157 aut
517 2116 635 2158 silvis
675 2116 850 2159 horrida
887 2125 963 2158 aut
1001 2117 1232 2173 paludibus
1270 2116 1412 2166 foeda,
1446 2115 1664 2159 humidior

228 2198 313 2238 qua
377 2181 558 2231 Gallias,
613 2184 831 2226 ventosior
884 2199 971 2239 qua
1027 2184 1231 2227 Noricum
1287 2200 1337 2227 ae
1391 2184 1661 2226 Pannoniam

229 2250 400 2306 aspicit3
455 2252 557 2292 satis
611 2251 745 2300 ferax,
800 2252 1106 2307 frugiferarum
1161 2253 1363 2294 arborum
1418 2252 1663 2308 impatiens,

229 2332 429 2374 pecorum
458 2319 655 2367 fecunda,
681 2320 755 2360 sed
784 2320 1034 2375 plerumque
1058 2320 1311 2375 improcera.
1365 2318 1433 2361 Ne
1459 2318 1664 2361 armentis

230 2385 400 2441 quidem
437 2400 541 2427 suus
580 2386 717 2429 honor
753 2394 827 2428 aut
864 2387 1003 2443 gloria
1041 2388 1215 2430 frontis:
1254 2402 1432 2430 numero
1458 2386 1662 2444 gaudent,

230 2468 374 2509 eaeque
427 2454 526 2496 solae
580 2463 621 2496 et
675 2456 927 2511 gratissimae
982 2471 1084 2511 opes
1137 2467 1249 2498 sunt.
1320 2453 1567 2511 Argentum
1621 2462 1663 2497 et

231 2536 380 2562 aurum
438 2522 664 2577 propitiine
712 2538 764 2563 an
811 2523 907 2564 irati
945 2524 1004 2564 dii
1043 2525 1297 2579 negaverint
1335 2524 1498 2566 dubito.
1571 2522 1664 2564 Nec

230 2598 373 2630 tamen
419 2588 721 2632 affirmaverim
761 2591 921 2632 nullam
961 2589 1204 2634 Germaniae
1241 2607 1395 2634 venam
1433 2601 1662 2647 argentum

231 2671 439 2699 aurumve
475 2657 675 2713 gignet-<33
730 2659 824 2713 quis
862 2659 972 2701 enim
1011 2668 1226 2701 scrutatus
1253 2659 1346 2701 est?
1382 2658 1663 2701 Possessione
