1852 3211
352 485 589 531 Germania
634 484 770 526 omnis
815 499 838 525 a
886 480 1027 525 Gallis
1074 481 1292 535 Raetisque
1327 486 1370 521 et
1407 474 1644 520 Pannoniis

215 556 370 599 Rheno
424 562 466 596 et
519 552 723 593 Danubio
776 550 1035 600 fluminibus,
1088 565 1112 590 a
1167 546 1375 590 Sarmatis
1422 545 1646 600 Dacisque

214 632 364 666 mutuo
408 628 523 663 metu
570 628 644 661 aut
687 618 904 661 montibus
942 628 1178 673 separatur.
1249 611 1407 657 Cetera
1443 611 1646 655 Oceanus

219 691 363 740 ambit,
417 690 525 730 latos
571 688 687 728 sinus
734 694 774 728 et
821 686 1057 727 insularum
1103 685 1310 724 immensa
1346 680 1486 736 spatia
1522 693 1646 721 com-

219 759 422 816 plectens,
462 770 600 811 nuper
636 755 814 809 cognitis
851 752 1107 808 quibusdam
1144 749 1343 807 gentibus
1381 762 1431 789 ac
1457 747 1645 802 regibus,

219 841 327 882 quos
365 824 522 867 bellum
561 822 743 878 aperuit.
799 821 989 870 Rhenus,
1027 819 1283 861 R-aeticarum
1322 814 1499 873 Alpium
1527 816 1646 857 inac-

219 907 337 936 cesso
392 907 441 933 ac
497 890 702 946 praecipiti
742 890 897 930 vertice
936 895 1065 937 ortus,
1104 888 1271 928 modico
1304 885 1416 926 flexu
1453 884 1496 925 in
1534 883 1649 925 occi-

219 962 387 1002 dentem
418 973 565 1000 versus
594 956 917 1012 septentrionali
945 954 1121 998 Oceano
1150 954 1360 995 miscetur.
1417 951 1647 994 Danubius

218 1027 335 1069 molli
387 1036 427 1067 et
473 1026 703 1066 clementer
748 1023 863 1065 edito
912 1023 1067 1064 montis
1115 1020 1310 1062 Abnobae
1343 1021 1448 1075 jugo
1486 1019 1647 1061 effusus

218 1094 363 1150 plures
418 1092 601 1149 populos
656 1090 765 1139 adit,
829 1090 965 1131 donec
1020 1091 1059 1130 in
1117 1089 1340 1130 Ponticum
1403 1100 1520 1128 mare
1573 1100 1647 1128 sex

219 1160 425 1202 meatibus
462 1166 680 1212 erumpat:
719 1157 943 1211 septimum
982 1170 1028 1196 os
1067 1155 1299 1210 paludibus
1337 1153 1545 1194 hauritur.

268 1256 289 1298 ¹)
308 1261 478 1299 Inscrzptus
513 1262 556 1288 est
590 1257 638 1287 hic
673 1256 751 1286 liber
786 1256 825 1286 ab
855 1256 926 1287 aliis
957 1256 1067 1287 aliter:
1099 1254 1233 1286 Cornelii
1259 1255 1358 1285 Taciti
1381 1254 1419 1285 de
1444 1255 1565 1294 ori-qim
1588 1255 1649 1284 situ

308 1317 442 1346 moribus
476 1325 515 1345 ac
544 1314 669 1354 populis
705 1313 931 1343 Germanorum
966 1314 1039 1343 Ritt.
1077 1323 1144 1342 cum
1179 1313 1215 1342 P.
1271 1312 1319 1341 De
1353 1312 1413 1341 situ
1449 1311 1586 1341 moribus
1621 1315 1649 1340 et

303 1373 427 1413 populis
452 1372 623 1402 Germanice
648 1370 727 1409 Rup.
752 1370 865 1400 Kiessl.
890 1369 986 1400 Orell.
1012 1380 1079 1400 cum
1105 1370 1138 1399 T.
1174 1369 1221 1399 De
1245 1370 1304 1399 situ
1324 1368 1499 1399 Germaniae
1517 1367 1648 1398 Mosler.

308 1439 383 1459 cum.
408 1429 463 1459 ΕΙ).

263 1484 290 1522 ²)
307 1485 448 1515 Danubio
471 1484 506 1513 F.
532 1484 577 1514 M.
602 1484 638 1514 P.
664 1484 701 1514 R.
727 1484 825 1514 Rade.
851 1484 883 1513 S.
910 1484 943 1513 T.
969 1483 1117 1512 Danuuio
1141 1481 1233 1521 Rbfc.

353 1786 478 1842 Ipsos
531 1784 770 1828 Germanos
817 1786 1041 1841 indigenas
1085 1785 1338 1826 crediderim
1388 1785 1647 1840 minimeque

218 1853 397 1896 aliarum
451 1854 640 1909 gentium
695 1853 950 1896 adventibus
1006 1861 1047 1895 et
1094 1852 1290 1908 hospitiis
1336 1853 1507 1902 mixtos,
1546 1851 1647 1908 quia

219 1936 297 1964 nec
342 1928 456 1964 terra
502 1921 601 1963 olim
645 1921 719 1964 sed
758 1919 966 1964 classibus
1004 1919 1329 1964 advehebantur
1366 1920 1440 1976 qui
1479 1929 1647 1963 mutare

217 1988 340 2031 sedes
383 1988 644 2043 quaerebant,
692 2000 732 2031 et
779 1989 1008 2032 immensus
1048 1989 1159 2031 ultra
1197 1996 1327 2044 utque
1364 1989 1426 2031 sic
1463 1989 1645 2031 dixerim

217 2056 426 2099 adversus
471 2054 672 2099 Oceanus
710 2057 815 2099 raris
853 2056 906 2099 ab
943 2056 1044 2100 orbe
1082 2067 1229 2099 nostro
1267 2056 1451 2099 navibus
1490 2057 1646 2099 aditur.

218 2121 326 2176 Quis
378 2138 519 2179 porro,
570 2132 720 2178 praeter
765 2125 997 2179 periculum
1046 2125 1207 2166 horridi
1253 2132 1293 2166 et
1329 2126 1465 2181 ignoti
1504 2125 1647 2173 maris,

217 2189 324 2231 Asia
370 2198 444 2231 aut
489 2188 638 2232 Africa
683 2202 755 2232 aut
800 2191 926 2233 Italia
963 2193 1110 2234 relicta
1148 2190 1427 2234 Germaniam
1467 2201 1647 2249 peteret,

214 2258 442 2300 informem
482 2259 621 2307 terris,
658 2274 851 2315 asperam
890 2261 1003 2311 caelo,
1033 2260 1194 2302 tristem
1220 2261 1340 2303 cultu
1366 2268 1646 2318 aspectuque,

215 2326 296 2367 nisi
334 2325 368 2367 si
407 2326 547 2382 patria
583 2327 665 2368 sit?

349 2391 582 2435 Celebrant
635 2393 895 2436 carminibus
939 2396 1139 2450 antiquis,
1186 2396 1302 2452 quod
1352 2412 1483 2439 unum
1527 2395 1646 2452 apud

213 2461 308 2503 illos
354 2461 566 2503 memoriae
602 2470 643 2503 et
681 2462 897 2504 annalium
936 2478 1072 2518 genus
1109 2472 1184 2513 est,
1221 2464 1477 2507 Tuisconem
1517 2465 1646 2506 deum

212 2536 330 2571 terra
367 2529 531 2570 editum
562 2538 603 2571 et
628 2528 761 2571 filium
789 2529 1013 2578 Mannum,
1039 2532 1246 2588 originem
1273 2534 1413 2589 gentis
1441 2532 1648 2575 condito-

214 2611 379 2651 resque.
434 2596 599 2638 Manno
636 2606 722 2639 tres
748 2597 855 2639 filios
881 2599 1117 2655 assignant,
1142 2615 1164 2642 e
1189 2615 1374 2656 quorum
1402 2600 1647 2643 nominibus

211 2664 395 2720 proximi
450 2661 626 2707 Oceano
680 2665 947 2721 Ingaevones,
993 2668 1120 2709 medii
1165 2668 1469 2718 Herminones,
1515 2668 1647 2711 ceteri
