1852 3211
295 173 355 217 24

215 288 326 336 fama
352 285 528 333 vulyavit‚
556 285 630 319 sive
659 282 753 319 adiit
774 282 966 324 Hercules,
989 293 1052 317 seu
1077 279 1256 328 quioquid
1275 279 1405 327 ubique
1428 277 1656 325 maynificum

226 347 292 387 est,
320 342 357 379 in
387 340 592 378 claritatem
613 340 691 385 ejus
712 340 852 388 referre
877 337 1129 375 consensimus,
1160 335 1257 373 Item
1273 334 1308 372 J.
1325 332 1470 371 Grimm
1492 330 1654 382 Mythol.

226 397 257 434 I.
295 400 382 432 108.
439 396 541 431 »Der
585 395 940 441 darstellunqsweise
982 393 1049 428 der
1092 392 1228 428 Εὔνηον
1270 404 1351 428 war
1379 402 1416 426 es
1444 391 1528 426 weit
1557 389 1656 425 mehr

225 451 417 500 anqeleqen
448 449 563 486 durch
593 450 692 497 J'reie
728 448 965 495 ubersetzunq
994 446 1097 483 halba
1127 446 1358 483 deutlielzkeit
1385 457 1431 481 zu
1461 443 1657 486 erreichen,

225 508 282 544 αις
311 506 427 543 durch
455 505 703 552 beibehaltunq
731 504 986 541 barbarisclzer
1016 502 1223 539 ausdrucke
1252 503 1319 540 der
1348 500 1525 539 nachwelt
1555 499 1655 536 einen

224 561 343 597 dienst
370 574 415 596 zu
446 561 645 596 erweisen».

332 621 550 653 memorant.-
579 612 749 663 intellige
786 626 908 650 rerum
951 613 1163 661 scriptore&
1201 622 1286 648 uam
1319 623 1363 648 ne
1392 609 1571 648 Germani
1597 608 1657 646 in—

226 671 346 719 telligi
379 672 533 720 possint,
566 670 745 707 vocabulo
776 683 834 706 eos
865 667 1094 718 prohibetur.

333 729 562 775 primumque
591 746 677 751 ·---
707 731 863 761 canunt:
896 724 1063 773 pronor'n.
1094 735 1171 759 eum
1202 721 1237 757 h.
1268 721 1303 764 l.,
1342 727 1382 757 ut
1418 734 1517 770 saepe
1555 719 1654 769 apud

226 781 408 824 Tacitum,
440 782 617 817 omissum
650 786 715 817 est.
775 779 882 816 Cous.
914 777 1099 815 Boettich.
1131 776 1220 813 Lex.
1252 776 1370 813 Tacit.
1402 789 1487 826 pag.
1517 773 1654 822 3836).

229 836 284 873 De
315 849 352 872 re
385 837 466 873 vide
497 835 611 872 Orell.
643 836 705 884 qui
731 834 910 883 exemplis
935 846 979 870 ex
1003 833 1085 870 aliis
1102 845 1249 882 quoque
1266 832 1511 882 scriptoribus
1529 831 1654 868 allatis

231 890 350 932 docet,
385 891 490 940 liujus
521 891 666 939 generis
691 890 855 927 carmina
880 889 945 926 diu
968 888 1063 938 apud
1085 888 1292 924 Germanos
1315 887 1352 924 in
1378 900 1445 924 usu
1463 886 1657 924 mansisse.

326 948 484 995 fortium
512 949 673 984 virorum
693 962 737 977 =
760 946 933 988 heroum3
968 943 1188 981 vocabulum
1217 945 1323 982 heros
1367 948 1492 981 autem
1537 942 1655 980 latine

227 1014 301 1038 non
333 1006 542 1051 usurpatur,
575 1001 645 1037 nisi
675 1013 785 1037 sensu
815 1000 1007 1037 translato.

335 1058 409 1094 lzoec
438 1070 579 1107 quoque
609 1059 793 1094 carmina:
835 1069 911 1094 voc.
952 1057 1027 1093 ltoec
1066 1055 1211 1092 videtur
1241 1054 1383 1092 Orellio
1417 1055 1450 1093 h.
1483 1055 1506 1093 l.
1538 1054 1656 1104 signi-

224 1113 344 1154 ficare,
388 1114 551 1148 carmina
590 1113 650 1148 illa
692 1112 872 1148 Romanis
907 1120 992 1147 nota
1024 1125 1102 1147 esse
1122 1126 1166 1142 =
1186 1112 1295 1147 des-sa
1324 1112 1481 1148 belcanta
1510 1112 1655 1159 sdnyer.

225 1166 320 1203 Mihi
367 1179 451 1202 vero
499 1167 672 1203 videntur
706 1167 781 1203 hoee
812 1172 847 1202 et
878 1179 1032 1215 quorum
1061 1178 1099 1201 se
1129 1166 1285 1201 invicem
1318 1166 1509 1215 respicere,
1539 1169 1577 1202 et
1606 1165 1654 1202 ob

223 1234 303 1258 eam
336 1234 410 1257 rem
446 1234 522 1258 voc.
553 1223 627 1259 haec
668 1221 853 1270 adjectum
899 1235 990 1264 esse,
1035 1225 1075 1256 ut
1112 1220 1293 1257 iudicaret
1332 1234 1369 1256 se
1400 1220 1551 1258 Tacitus
1573 1222 1655 1267 jam

224 1277 269 1313 de
299 1277 372 1313 alio
403 1277 608 1313 carminum
639 1289 786 1326 genere,
818 1289 891 1326 quo
925 1277 1125 1312 utebantur
1149 1275 1339 1320 Germani,
1357 1275 1543 1313 dicturum
1563 1288 1653 1313 esse.

224 1331 330 1369 Conl'.
378 1331 537 1368 Freund.
591 1333 832 1370 Wo'rterbuclz
877 1332 912 1369 d.
948 1332 1038 1369 Lat.
1071 1331 1159 1381 Spr.
1192 1331 1261 1367 sub
1295 1344 1371 1369 voc.
1401 1333 1467 1369 hio.
1504 1331 1555 1373 H.)
1587 1331 1655 1374 II).

226 1387 279 1423 De
310 1387 447 1434 duplici
483 1388 550 1423 hoc
579 1401 714 1436 genere
744 1387 951 1423 carminum
993 1387 1100 1423 Conl'.
1139 1387 1233 1424 Xen.
1267 1388 1390 1424 Anab.
1427 1387 1491 1424 VI.
1525 1392 1558 1423 3.
1591 1391 1654 1424 27.

217 1434 457 1482 Ἀλλ’ἒπεὶ
487 1472 496 1480 .
522 1472 530 1480 .
551 1472 560 1480 .
593 1437 857 1492 ἐπαιάνιζον
887 1438 964 1482 καὶ
991 1438 1104 1492 μετὰ
1134 1442 1273 1482 ταῦτα
1305 1435 1530 1495 ἠλάλαζον
1562 1472 1571 1480 .
1598 1471 1608 1481 .
1642 1471 1651 1481 .

222 1491 417 1537 ἐνταῦθα
449 1492 598 1538 οὐκέτι
630 1495 836 1546 ἐδέξαντο
876 1493 920 1538 οὶ
952 1494 1184 1548 πολέμιοι.

328 1554 470 1589 relatu:
505 1554 598 1590 lianc
630 1566 755 1590 vocem
788 1553 940 1590 Tacitus
970 1553 1070 1589 solus
1104 1553 1250 1590 videtur
1281 1565 1487 1603 usurpasse.

330 1609 507 1645 baritum:
552 1609 597 1645 de
642 1609 751 1658 hujus
794 1609 893 1645 vocis
924 1608 1199 1657 significatione
1232 1615 1268 1645 et
1298 1609 1481 1658 scriptura
1513 1608 1654 1646 dissen-

219 1663 319 1700 tiunt
364 1664 534 1701 editores.
595 1665 697 1701 Gerl.
747 1665 871 1701 Halm.
916 1664 1030 1701 Haas.
1079 1664 1205 1701 Finck.
1251 1665 1420 1701 scribunt
1456 1665 1654 1710 harditum,

219 1731 329 1768 quam
362 1719 583 1768 scripturam
617 1720 718 1757 Gerl.
749 1720 918 1756 codicum
953 1721 1176 1756 auctoritate
1208 1720 1390 1757 contineri
1424 1720 1515 1757 dicit
1580 1720 1651 1758 Sed

218 1786 331 1824 quum
365 1779 541 1824 quattuor
572 1776 679 1813 codd.
714 1775 873 1812 habeant
903 1776 1074 1819 baritum,
1105 1776 1140 1812 iu
1175 1776 1320 1812 duobus
1352 1780 1475 1812 autem
1511 1781 1655 1813 utrum-

218 1842 288 1877 que
319 1829 511 1866 iuventum
545 1833 603 1874 sit,
636 1832 765 1880 scripsi
796 1845 878 1868 cum
913 1830 1056 1867 Orellio
1088 1841 1124 1867 et
1155 1831 1341 1868 Grimmio
1366 1832 1536 1877 baritum,
1554 1832 1653 1881 quod

217 1897 352 1921 nomen
383 1885 501 1923 Grim.
535 1891 641 1937 putat
673 1900 690 1923 a
726 1886 905 1923 vocabulo
936 1886 1097 1935 quodam
1133 1886 1309 1931 Frisiaeo,
1346 1887 1454 1924 baria
1474 1903 1518 1918 =
1540 1888 1655 1924 altum

217 1941 405 1977 clamorem
435 1942 553 1987 edere,
583 1943 795 1980 (lucendum
828 1955 918 1978 esse.

326 1998 406 2046 ipso
435 2004 566 2035 cantu.-
625 1998 754 2035 Cicero
786 1998 865 2034 sine
910 1998 1024 2035 (lubio
1070 1998 1281 2048 scripsisset
1320 2012 1365 2036 eoe
1407 2001 1487 2048 ipso
1531 2005 1653 2044 cantu.

217 2050 323 2087 Oonf.
369 2064 420 2088 or.
465 2052 501 2089 iu
549 2053 652 2090 Verr.
702 2057 782 2091 Act.
814 2053 867 2091 II.
901 2053 952 2090 II.
988 2059 1020 2092 6.
1061 2059 1118 2091 18.
1152 2067 1261 2104 quum
1294 2068 1338 2091 ea:
1367 2057 1506 2092 nomine
1536 2057 1655 2099 istius,

215 2107 306 2154 quid
333 2108 367 2143 in
392 2111 588 2157 provincia
601 2112 781 2158 facturus
806 2116 910 2153 esset,
927 2111 1157 2159 perridicule
1179 2111 1336 2147 homines
1360 2111 1654 2159 augurabantur.

218 2161 271 2197 De
302 2161 428 2200 Divin.
461 2163 491 2201 I.
529 2168 589 2201 33.
624 2169 686 2202 72.
749 2165 920 2208 Calchas,
964 2167 1029 2215 qui
1071 2179 1115 2203 ea:
1156 2178 1352 2214 passerum
1395 2179 1543 2203 numero
1572 2166 1658 2203 belli

220 2217 374 2263 Trojanz‘
408 2232 523 2257 annos
560 2227 768 2269 auyuratus
807 2226 871 2258 est.
931 2221 1085 2258 Tacitus
1115 2227 1240 2258 autem
1272 2234 1371 2272 saepe
1403 2221 1522 2259 utitur
1553 2221 1655 2259 abla-

215 2272 292 2309 tivo
323 2274 458 2311 omissa
490 2276 766 2325 praepositione.

327 2334 462 2367 terrent
491 2334 581 2368 enim
611 2352 729 2358 —---
760 2334 987 2369 intumescat.
1047 2331 1234 2370 Quamvis
1277 2332 1437 2369 multam
1477 2331 1523 2370 ad
1556 2331 1655 2370 hune

214 2383 337 2421 locum
368 2391 404 2422 et
432 2393 531 2424 recte
561 2388 851 2437 intelligendum
878 2393 914 2424 et
945 2388 1111 2426 suethiee
1143 2395 1229 2439 apte
1261 2389 1556 2425 convertendum
1588 2388 1655 2426 ad-

216 2439 318 2476 hibui
363 2454 525 2490 operam,
573 2456 700 2480 vereor
743 2450 881 2487 tamen,
916 2457 960 2480 ne
991 2445 1103 2493 longe
1136 2446 1293 2481 fortasse
1323 2444 1433 2487 absit,
1468 2449 1521 2488 ut,
1551 2444 1653 2494 quod

213 2494 299 2532 Tac.
345 2497 594 2546 significatum
645 2499 817 2544 volucrit,
863 2499 900 2536 id
932 2513 953 2537 a
985 2513 1041 2537 me
1074 2500 1262 2538 redditum
1294 2500 1355 2538 sita
1414 2499 1487 2538 Sed
1518 2504 1559 2537 ut
1590 2512 1655 2537 ex-

216 2564 349 2599 ponam
386 2556 545 2591 breviter
576 2556 766 2605 quomodo
798 2569 876 2592 rem
909 2556 1168 2600 intellexerim,
1201 2557 1362 2606 primum
1391 2556 1541 2606 quidem
1564 2555 1656 2593 mihi

217 2606 362 2645 videtur
379 2608 464 2646 Tae.
482 2611 672 2650 vocabulis
691 2617 828 2649 terrent
845 2613 937 2648 enim
955 2612 1187 2662 trepidantve
1203 2612 1359 2662 adjectis
1377 2624 1454 2649 rem
1473 2623 1557 2661 quae
1575 2611 1654 2648 fieri

214 2662 348 2700 soleret
369 2677 692 2711 commemorasse,
717 2668 761 2705 ad
788 2680 901 2717 quam
929 2674 1118 2706 revocaret
1141 2673 1177 2706 et
1208 2668 1259 2706 ita
1285 2668 1391 2719 quasi
1416 2667 1656 2705 confirmaret
