1852 3211
1503 151 1564 196 25

212 264 314 314 quod
330 263 377 301 de
393 264 430 300 vi
444 268 482 301 et
495 263 653 301 consilio
671 262 814 300 baritus
826 263 904 312 jam
921 263 1080 301 dixerat.
1109 264 1310 302 Particulae
1324 266 1415 302 enim
1430 263 1501 301 h.l.
1518 264 1636 312 igitur

212 317 373 358 similem
415 317 604 369 quandam
651 316 726 355 vim
770 317 890 355 inesse
926 317 1147 369 putaverim,
1178 331 1221 356 ac
1244 318 1391 356 ‘Graecis
1419 318 1495 355 illis
1525 318 1637 369 parti-

184 375 308 412 *culis
336 370 416 413 καὶ
443 370 528 427 γὰρ
559 365 646 412 οὖν.
703 373 810 410 Conf.
848 373 944 410 Xen.
981 374 1105 411 Anab.
1150 374 1182 412 Ι.
1229 379 1262 411 9.
1309 380 1330 411 8
1375 374 1431 411 ed.
1475 373 1636 424 Kriiger.

214 427 391 492 (Κῦρος)
421 423 651 475 ἐπέδειξεν
680 421 813 467 αὑτὸν
843 422 913 467 ὅτι
941 424 1049 483 περὶ
1071 424 1285 469 πλείστου
1305 429 1501 475 ποιοῖτο,
1518 424 1635 483 εἴτῳ

214 478 456 525 σπείσαιτο
483 496 540 530 τι,
569 478 709 536 μηδὲν
737 475 1011 535 ψεύδεσθαι.
1060 479 1155 526 Καὶ
1182 480 1266 541 γὰρ
1297 476 1374 527 οὖν
1402 479 1637 527 ἐπίστευον

212 532 334 592 αὐτῷ
363 534 413 579 αἱ
442 532 613 586 πόλεις.
650 544 688 576 et
731 539 865 576 Devar.
908 540 953 577 de
989 540 1131 579 Groecoe
1167 542 1298 589 linquoe
1325 548 1430 591 part.
1475 542 1550 579 Vol.
1580 541 1636 579 ΙΙ.

204 606 297 644 paq.
326 590 421 631 644.
465 593 501 631 S.
526 595 772 643 praesentiunt
800 606 845 631 ex
873 596 953 644 ipso
983 601 1093 632 cantu
1112 597 1258 643 futui-ce
1281 608 1418 646 puqnoe
1430 597 1637 645 fortunam,

212 649 313 698 quod
338 650 374 687 in
406 663 444 688 eo
474 652 649 693 cernitur,
678 650 777 699 quod
805 655 871 687 aut
899 663 978 687 cum
1007 651 1223 699 confidentia
1251 658 1286 689 et
1308 653 1461 689 hostium
1485 658 1637 695 terrore,

212 711 279 741 aut
323 706 463 754 trepide
505 707 675 753 impetum
706 706 871 752 faciunt,
912 712 1026 753 prout
1066 708 1188 742 sonuit
1230 709 1335 743 acies.
1395 706 1539 743 Deinde
1584 706 1638 742 vi-

213 758 349 797 dentur
380 759 471 796 mihi
503 771 586 795 v.v.
617 761 802 808 asperitas
830 761 911 796 som·
946 766 980 797 et
1007 761 1176 808 fractum
1217 773 1379 798 murmur
1421 760 1519 798 idem
1564 760 1639 797 fere

211 813 432 863 significare,
462 818 575 864 atque
605 816 732 863 asperi
757 815 838 851 soni
865 827 945 851 cum
973 816 1104 863 fracto
1140 829 1331 852 murmure.
1392 815 1451 852 Ad
1479 817 1640 859 fractum

209 882 375 906 murmur
419 869 581 919 denique
625 869 853 906 referendam
899 882 978 906 esse
1022 882 1154 906 censeo
1198 870 1434 916 sententiam,
1467 883 1550 920 quae
1581 883 1639 908 se-

210 925 356 974 quitur:
388 925 535 971 objectis
565 925 617 962 ad
644 938 684 962 os
712 927 838 969 scutis,
869 938 940 975 quo
969 952 978 961 .
1008 954 1016 962 .
1046 954 1054 962 .
1084 954 1093 963 .
1125 928 1349 971 intumescat,
1386 939 1458 977 qua
1487 925 1635 977 quidem

212 980 259 1016 de
288 993 411 1024 causa,
444 993 516 1017 v.v.
539 982 686 1030 plenior
715 984 752 1017 et
778 984 930 1029 qravior
960 982 1143 1031 praecipue
1175 982 1382 1031 respiciens,
1407 981 1559 1018 adhibui
1578 994 1637 1017 v.v

211 1035 293 1085 dost
320 1037 408 1074 sorl.
452 1036 565 1075 Quod
596 1036 694 1073 enim
727 1035 893 1073 suethiee
922 1035 1059 1074 dieitur
1088 1050 1217 1074 sonare
1247 1038 1339 1086 doft,
1367 1037 1404 1074 id
1428 1037 1541 1075 etiam
1564 1036 1638 1087 ple-

213 1104 304 1128 num
334 1091 514 1141 quiddam
545 1097 582 1129 et
612 1105 724 1140 grave
754 1097 874 1128 sonat.

321 1160 470 1194 mentis.-
499 1170 583 1194 cum
617 1157 781 1194 Moslero
811 1157 939 1207 scripsi
971 1158 1105 1194 mentis
1138 1171 1203 1206 pro
1241 1160 1409 1201 virtutis,·
1438 1170 1522 1195 nam
1556 1170 1634 1195 voc.

211 1213 362 1249 virtutis
392 1225 467 1249 non
499 1212 645 1250 videtur
677 1212 768 1249 bene
798 1218 1001 1261 congruere
1031 1225 1113 1249 cum
1160 1213 1393 1250 antecedenti
1438 1213 1635 1263 trepidant.

216 1267 324 1305 Conf.
357 1268 457 1305 Hist.
491 1268 519 1304 Ι.
555 1273 575 1304 4
608 1299 615 1306 .
648 1295 657 1303 .
686 1294 695 1303 .
727 1274 921 1317 antequam
951 1268 1133 1305 destinata
1164 1280 1384 1318 componam,
1399 1268 1637 1318 repetundum

212 1323 358 1361 videtur
387 1325 508 1373 qualis
537 1330 658 1361 status
688 1323 798 1367 urbis,
828 1336 909 1373 quoe
937 1336 1034 1360 mens
1064 1325 1283 1360 exercituum
1312 1352 1319 1360 .
1350 1351 1359 1360 .
1388 1350 1398 1360 .
1418 1325 1549 1372 fuerit.

320 1392 492 1438 qravior:
522 1390 647 1438 gravis
687 1402 757 1426 vox
791 1393 894 1434 ><
928 1394 1034 1426 acuta
1067 1403 1147 1426 vox.
1207 1389 1312 1426 Conf.
1345 1389 1409 1426 Cic
1452 1389 1497 1426 de
1528 1388 1634 1427 Orat.

212 1444 243 1482 Ι.
279 1449 339 1481 59.
371 1450 461 1482 251.
491 1447 555 1494 qui
581 1457 698 1482 vocem
728 1445 898 1482 cubantes
927 1446 1056 1482 sensim
1093 1447 1264 1488 eoecitant,
1302 1445 1519 1493 eandemque
1548 1474 1555 1481 .
1587 1473 1595 1480 .
1626 1471 1636 1480 .

212 1500 375 1537 sedentes
420 1500 465 1537 ab
509 1502 716 1537 acutissimo
759 1513 844 1537 sono
884 1512 998 1549 usque
1028 1500 1080 1537 ad
1104 1501 1359 1549 qravissimum
1387 1512 1512 1537 sonum
1542 1501 1637 1536 reci-

208 1557 330 1605 piunt.

326 1624 567 1661 repercussu:
610 1611 689 1647 haee
736 1623 806 1647 vox
850 1614 1036 1659 argenteae
1079 1609 1213 1653 aetatis,
1257 1622 1340 1659 quae
1377 1608 1523 1654 dieitur,
1555 1621 1636 1659 pro-

215 1667 295 1717 pria
326 1672 393 1704 est.

327 1724 515 1760 Ueterum:
546 1722 615 1758 hoc
648 1721 825 1758 vocabulo
857 1721 954 1762 Tac„
986 1725 1068 1768 post
1099 1720 1365 1767 digressionem
1398 1718 1546 1761 factam,
1578 1730 1635 1755 re-

217 1778 375 1815 vertitur
405 1778 451 1815 ad
483 1791 536 1822 ea,
568 1790 651 1828 quae
681 1791 701 1814 a
732 1789 852 1814 rerum
885 1775 1127 1825 scriptoribus
1157 1774 1296 1811 tradita
1327 1778 1441 1810 erant.

331 1845 495 1882 Ulioeem:
525 1845 632 1881 Cous.
663 1857 746 1893 quae
777 1843 821 1879 de
853 1841 1000 1878 nomine
1032 1840 1203 1877 Herculis
1232 1840 1339 1876 initio
1370 1839 1479 1889 hujus
1502 1839 1635 1889 eapitis

216 1899 493 1937 admonuimus.

326 1967 500 2016 hodieque
525 1965 701 2002 :hodie
746 1976 903 2014 quoque.
963 1962 1046 2000 Hoc
1091 1975 1201 1999 sensu
1245 1961 1356 1998 etiam
1400 1959 1500 2010 apud
1543 1960 1636 1997 alios

217 2022 355 2060 latinos
399 2022 596 2072 scriptores
643 2019 861 2057 vocabulum
907 2032 973 2065 que
1017 2022 1233 2066 usurpatum
1276 2015 1469 2065 reperitur.
1529 2015 1636 2053 Cous.

216 2078 299 2116 Liv.
332 2078 378 2114 V.
413 2082 447 2115 4.
485 2081 544 2113 14.
600 2076 798 2113 Etruriam
837 2088 970 2112 omnem
1006 2073 1183 2110 adversus
1212 2084 1277 2108 nos
1306 2073 1488 2108 concitare
1515 2071 1638 2108 volue-

217 2139 305 2171 runt
332 2133 504 2182 hodieque
533 2132 574 2168 id
599 2132 805 2167 moliuntur.
850 2129 944 2165 Vide
975 2128 1046 2165 alia
1076 2126 1243 2176 exempla
1268 2125 1365 2175 apud
1396 2125 1521 2165 Boett.
1544 2124 1635 2162 Lex.

219 2187 337 2226 Tacit.
368 2187 436 2225 sub
468 2199 545 2224 voe.
576 2192 621 2224 et.

331 2255 435 2292 Ulioez·
463 2259 729 2291 consecratam:
760 2264 792 2289 v.
828 2253 925 2287 Ulixi
952 2253 1077 2286 utrum
1107 2248 1254 2285 dativus
1278 2246 1465 2284 commodi
1490 2259 1536 2284 an
1560 2247 1637 2284 dat.

217 2309 391 2353 auctoris,
417 2309 481 2359 qui
512 2308 698 2352 dicuntur,
730 2306 919 2357 putandus
957 2305 1018 2349 sit,
1049 2305 1094 2341 de
1133 2315 1204 2353 qua
1236 2315 1273 2339 re
1303 2302 1529 2339 dissentiunt
1559 2300 1638 2338 edi-

218 2370 329 2411 tores,
374 2364 525 2402 difficile
569 2368 625 2401 est
662 2362 876 2413 dijudicare.
935 2359 1008 2398 Sed
1038 2358 1128 2397 mihi
1160 2358 1321 2408 quidem,
1352 2356 1552 2406 diligenter
1580 2356 1637 2401 iis,

216 2434 301 2471 quae
330 2421 367 2457 in
400 2426 595 2469 utramque
625 2424 768 2468 partem
800 2430 821 2453 a
851 2415 1077 2453 doctissimis
1103 2414 1190 2451 viris
1217 2413 1404 2463 disputata
1421 2417 1519 2456 sunt,
1535 2425 1639 2450 com-

216 2476 365 2528 paratis,
402 2474 634 2512 verisimilius
666 2473 822 2516 videtur,
855 2472 951 2509 hunc
980 2470 1147 2507 dativum
1189 2468 1262 2505 vim
1308 2468 1440 2505 habere
1482 2467 1638 2505 ablativi

216 2546 299 2570 cum
346 2532 391 2569 ab
434 2543 547 2581 praep.
590 2528 791 2579 conjuncti,
823 2527 1028 2578 praesertim
1059 2525 1089 2562 si
1119 2524 1345 2563 celebratum
1377 2522 1469 2560 illud
1501 2535 1637 2560 nomen

217 2587 341 2625 Ulixis
374 2587 408 2624 h.
442 2586 463 2623 l.
496 2584 706 2622 adhibitum
736 2588 792 2621 est
821 2588 968 2619 tantum
999 2582 1044 2618 ad
1078 2580 1151 2617 vim
1186 2579 1331 2616 barbari
1368 2578 1525 2627 alicujus
1570 2591 1639 2615 no-

218 2642 328 2680 minis
360 2640 598 2680 reddendam.
645 2638 897 2688 Kiesslingius
927 2636 1075 2688 quidem
1110 2640 1228 2685 putat,
1260 2634 1296 2671 iu
1329 2633 1396 2672 hac
1422 2633 1642 2684 interpreta-
