1852 3211
1590 5 1592 7 >
1616 0 1620 3 ’
1683 0 1696 13 ‘s
1717 0 1759 16 ψη

1686 44 1708 59 u„-
1719 41 1727 50 .«
1736 44 1746 49 ,.
1754 45 1781 62 ‚322

1790 109 1797 119 A

294 174 355 217 30

335 288 554 324 Possessione
583 294 613 323 ei
644 299 708 323 usu
745 289 839 323 haud
871 290 1017 333 perinde
1060 288 1284 333 afficiuntur:
1328 284 1519 336 particulis
1562 288 1658 322 haud

223 347 383 389 perinde,
416 342 567 379 Tacitus
598 342 750 392 ejusque
781 342 967 391 aequales,
999 342 1189 379 interdum
1220 341 1332 379 etiam
1364 340 1507 387 Livius,
1545 344 1657 378 utun-

224 402 285 434 tur
316 410 399 447 pro:
431 411 502 434 non
530 411 749 445 maqnopere.
794 398 902 435 cons.
936 397 1074 435 Anual.
1106 397 1160 435 II.
1195 402 1258 435 88.
1305 400 1480 434 Arminius
1516 401 1657 433 canitur

222 456 336 489 adhuc
364 456 541 489 barbaras
568 457 665 500 apud
693 461 827 500 ρεηιεε,
857 454 1058 490 Graecorum
1089 456 1277 490 annalibus
1306 458 1462 499 ἱρηοιαε,
1503 457 1564 499 qui
1588 465 1655 489 sua

222 515 357 544 tantum
389 512 576 553 mirantur,
608 509 783 545 Romanis
811 512 905 545 haud
925 513 1068 555 perinde
1091 512 1250 553 celebris,
1279 511 1361 545 dum
1384 516 1502 545 vetera
1524 511 1657 545 extolli-

222 577 297 600 mus
327 568 510 599 recentium
541 568 715 600 incuriosi.
762 563 913 601 Sueton.
947 564 1071 600 Tiber.
1105 568 1166 601 52.
1213 577 1255 599 ne
1284 571 1422 601 mortuo
1444 568 1578 611 quidem
1599 576 1657 610 pe-

222 622 322 654 rinde
351 621 496 664 affectus
525 626 586 656 est.
632 619 745 655 Hunc
775 618 1043 668 particularum
1073 621 1168 655 haud
1196 623 1339 664 perinde
1361 631 1470 656 usum
1494 619 1658 657 editores

222 674 274 710 ita
311 673 485 724 expedire
523 674 662 717 solent,
703 679 743 711 ut
779 674 907 711 dicant
944 674 1262 724 comparationem
1294 673 1482 724 quandam
1515 673 1657 711 intelli-

224 729 384 778 gendam
418 742 506 766 esse.

338 787 397 822 Est
426 789 541 821 videre
560 802 605 817 =
627 785 713 822 licet
743 786 879 822 videre.
939 785 1034 822 Vide
1065 785 1189 822 Boett.
1229 784 1318 822 Lex.
1357 785 1443 822 Tac.
1475 798 1558 835 pag.
1590 785 1656 823 CI.

225 840 332 879 Oonf.
379 840 515 878 Annal.
560 840 665 878 XVI.
713 845 773 879 34.
820 850 855 879 ut
899 844 1093 887 conjectare
1129 849 1217 878 erat.
1262 846 1298 878 et
1335 840 1509 879 Graecum
1541 840 1655 879 illud:

225 890 346 936 ἔστιν
375 890 499 936 ἰδεῖν.

334 952 414 987 Non
443 956 479 987 in
508 955 581 988 alia
612 955 760 988 vilitate:
791 965 875 1001 pro:
908 951 945 989 in
978 951 1108 989 eadem
1141 951 1296 989 vilitate.

334 1007 493 1043 Serrati:
536 1007 699 1051 nummi,
737 1020 895 1057 quorum
933 1007 1096 1044 ambitus
1128 1008 1164 1045 in
1196 1020 1307 1046 serrae
1338 1008 1492 1046 modum
1523 1007 1657 1046 denta-

224 1065 285 1098 tus
315 1066 405 1099 erat.

334 1119 468 1163 Biyati:
515 1117 609 1154 Vide
647 1117 741 1155 Plin.
783 1118 831 1155 H.
872 1118 920 1155 Ν.
953 1117 1141 1157 ΧΧΧΙΙΙ.
1178 1123 1237 1157 13.
1280 1127 1366 1157 nota
1394 1125 1534 1167 arqenci
1557 1124 1658 1167 suere

221 1174 306 1218 biqoe
334 1180 364 1208 et
394 1176 592 1220 quadriqae,
623 1181 654 1210 et
684 1177 762 1210 inde
791 1177 899 1221 biyaii
926 1178 1194 1221 quadriyatique
1223 1179 1314 1212 dicii.
