<?xml version="1.0" encoding="UTF-8"?>
<!DOCTYPE html PUBLIC "-//W3C//DTD XHTML 1.0 Transitional//EN"
    "http://www.w3.org/TR/xhtml1/DTD/xhtml1-transitional.dtd">
<html xmlns="http://www.w3.org/1999/xhtml" xml:lang="en" lang="en">
 <head>
  <title>
</title>
<meta http-equiv="Content-Type" content="text/html;charset=utf-8" />
  <meta name='ocr-system' content='tesseract 3.04.00' />
  <meta name='ocr-capabilities' content='ocr_page ocr_carea ocr_par ocr_line ocrx_word'/>
</head>
<body>
  <div class='ocr_page' id='page_1' title='image "./4630628_0023.png"; bbox 0 0 1852 3211; ppageno 0'>
   <div class='ocr_carea' id='block_1_1' title="bbox 0 1021 10 1159">
    <p class='ocr_par' dir='ltr' id='par_1_1' title="bbox 0 1021 10 1159">
     <span class='ocr_line' id='line_1_1' title="bbox 0 1021 10 1159; textangle 90"><span class='ocrx_word' id='word_1_1' title='bbox 0 1152 8 1159; x_wconf 58' lang='grc' dir='ltr'><strong>ι,</strong></span> <span class='ocrx_word' id='word_1_2' title='bbox 0 1136 6 1144; x_wconf 69' lang='grc'>.</span> <span class='ocrx_word' id='word_1_3' title='bbox 0 1021 10 1127; x_wconf 44' lang='grc' dir='ltr'><strong>,ωας-,φη</strong></span> 
     </span>
    </p>
   </div>
   <div class='ocr_carea' id='block_1_2' title="bbox 0 2346 12 2547">
    <p class='ocr_par' dir='ltr' id='par_1_2' title="bbox 0 2346 12 2547">
     <span class='ocr_line' id='line_1_2' title="bbox 0 2346 12 2547; textangle 90"><span class='ocrx_word' id='word_1_4' title='bbox 0 2346 12 2547; x_wconf 52' lang='grc' dir='ltr'><strong>-α-ου-νο-*ι</strong></span> 
     </span>
    </p>
   </div>
   <div class='ocr_carea' id='block_1_3' title="bbox 1490 176 1544 219">
    <p class='ocr_par' dir='ltr' id='par_1_3' title="bbox 1490 176 1544 219">
     <span class='ocr_line' id='line_1_3' title="bbox 1490 176 1544 219; baseline -0.019 0"><span class='ocrx_word' id='word_1_5' title='bbox 1490 176 1506 219; x_wconf 78' lang='lat' dir='ltr'><strong>l</strong></span> <span class='ocrx_word' id='word_1_6' title='bbox 1517 176 1544 218; x_wconf 93' lang='grc'><strong>7</strong></span> 
     </span>
    </p>
   </div>
   <div class='ocr_carea' id='block_1_4' title="bbox 179 285 1617 1110">
    <p class='ocr_par' dir='ltr' id='par_1_4' title="bbox 179 285 1617 1110">
     <span class='ocr_line' id='line_1_4' title="bbox 182 285 1615 338; baseline 0.001 -14"><span class='ocrx_word' id='word_1_7' title='bbox 182 286 393 336; x_wconf 81' lang='lat' dir='ltr'><strong>elegantius</strong></span> <span class='ocrx_word' id='word_1_8' title='bbox 423 286 516 324; x_wconf 89' lang='lat' dir='ltr'><strong>mihi</strong></span> <span class='ocrx_word' id='word_1_9' title='bbox 546 285 695 324; x_wconf 85' lang='lat' dir='ltr'><strong>videtur</strong></span> <span class='ocrx_word' id='word_1_10' title='bbox 724 286 776 325; x_wconf 84' lang='lat' dir='ltr'><strong>ita</strong></span> <span class='ocrx_word' id='word_1_11' title='bbox 807 291 1036 334; x_wconf 87' lang='lat' dir='ltr'><strong>convertere,</strong></span> <span class='ocrx_word' id='word_1_12' title='bbox 1066 291 1109 325; x_wconf 92' lang='lat' dir='ltr'><strong>ut</strong></span> <span class='ocrx_word' id='word_1_13' title='bbox 1138 287 1174 325; x_wconf 89' lang='lat' dir='ltr'><strong>h.</strong></span> <span class='ocrx_word' id='word_1_14' title='bbox 1204 287 1227 325; x_wconf 92' lang='lat' dir='ltr'><strong>l.</strong></span> <span class='ocrx_word' id='word_1_15' title='bbox 1258 287 1411 326; x_wconf 81' lang='lat' dir='ltr'><strong>nomina</strong></span> <span class='ocrx_word' id='word_1_16' title='bbox 1444 287 1615 338; x_wconf 85' lang='lat' dir='ltr'><strong>gentium</strong></span> 
     </span>
     <span class='ocr_line' id='line_1_5' title="bbox 181 341 1617 393; baseline 0 -12"><span class='ocrx_word' id='word_1_17' title='bbox 181 342 441 386; x_wconf 79' lang='lat' dir='ltr'><strong>adhibeantur,</strong></span> <span class='ocrx_word' id='word_1_18' title='bbox 480 341 686 393; x_wconf 78' lang='lat' dir='ltr'><strong>praesertim</strong></span> <span class='ocrx_word' id='word_1_19' title='bbox 725 354 839 393; x_wconf 91' lang='lat' dir='ltr'><strong>quum</strong></span> <span class='ocrx_word' id='word_1_20' title='bbox 871 342 1078 392; x_wconf 74' lang='lat' dir='ltr'><strong>subjectiva</strong></span> <span class='ocrx_word' id='word_1_21' title='bbox 1109 342 1282 393; x_wconf 86' lang='lat' dir='ltr'><strong>quaedam</strong></span> <span class='ocrx_word' id='word_1_22' title='bbox 1312 343 1363 381; x_wconf 83' lang='lat' dir='ltr'><strong>sit</strong></span> <span class='ocrx_word' id='word_1_23' title='bbox 1391 342 1617 392; x_wconf 80' lang='lat' dir='ltr'><strong>significatio</strong></span> 
     </span>
     <span class='ocr_line' id='line_1_6' title="bbox 181 397 1617 444; baseline 0.001 -8"><span class='ocrx_word' id='word_1_24' title='bbox 181 397 354 436; x_wconf 77' lang='lat' dir='ltr'>vocabuli</span> <span class='ocrx_word' id='word_1_25' title='bbox 368 402 496 435; x_wconf 83' lang='lat' dir='ltr'><strong>metas.</strong></span> <span class='ocrx_word' id='word_1_26' title='bbox 546 398 696 444; x_wconf 80' lang='lat' dir='ltr'><strong>[Mutuo</strong></span> <span class='ocrx_word' id='word_1_27' title='bbox 709 403 805 436; x_wconf 87' lang='lat' dir='ltr'><strong>metu</strong></span> <span class='ocrx_word' id='word_1_28' title='bbox 821 404 887 435; x_wconf 82' lang='lat' dir='ltr'><strong>aut</strong></span> <span class='ocrx_word' id='word_1_29' title='bbox 899 398 1091 436; x_wconf 70' lang='lat' dir='ltr'><strong>montibus.-</strong></span> <span class='ocrx_word' id='word_1_30' title='bbox 1107 397 1283 436; x_wconf 85' lang='lat' dir='ltr'><strong>videntur</strong></span> <span class='ocrx_word' id='word_1_31' title='bbox 1298 397 1390 437; x_wconf 85' lang='lat' dir='ltr'><strong>mihi</strong></span> <span class='ocrx_word' id='word_1_32' title='bbox 1407 397 1446 436; x_wconf 89' lang='lat' dir='ltr'><strong>hi</strong></span> <span class='ocrx_word' id='word_1_33' title='bbox 1461 398 1617 438; x_wconf 86' lang='lat' dir='ltr'><strong>ablativi</strong></span> 
     </span>
     <span class='ocr_line' id='line_1_7' title="bbox 182 451 1613 504; baseline 0.002 -14"><span class='ocrx_word' id='word_1_34' title='bbox 182 465 255 491; x_wconf 83' lang='lat' dir='ltr'><strong>non</strong></span> <span class='ocrx_word' id='word_1_35' title='bbox 288 451 453 503; x_wconf 87' lang='lat' dir='ltr'><strong>ejusdem</strong></span> <span class='ocrx_word' id='word_1_36' title='bbox 486 465 638 504; x_wconf 87' lang='lat' dir='ltr'><strong>prorsus</strong></span> <span class='ocrx_word' id='word_1_37' title='bbox 667 465 748 491; x_wconf 83' lang='lat' dir='ltr'><strong>esse</strong></span> <span class='ocrx_word' id='word_1_38' title='bbox 777 452 1075 504; x_wconf 86' lang='lat' dir='ltr'><strong>significationis,</strong></span> <span class='ocrx_word' id='word_1_39' title='bbox 1106 466 1149 491; x_wconf 87' lang='lat' dir='ltr'><strong>ac</strong></span> <span class='ocrx_word' id='word_1_40' title='bbox 1179 466 1285 503; x_wconf 88' lang='lat' dir='ltr'><strong>paene</strong></span> <span class='ocrx_word' id='word_1_41' title='bbox 1313 453 1486 500; x_wconf 84' lang='lat' dir='ltr'><strong>dixerim,</strong></span> <span class='ocrx_word' id='word_1_42' title='bbox 1507 454 1613 493; x_wconf 89' lang='lat' dir='ltr'><strong>illum</strong></span> 
     </span>
     <span class='ocr_line' id='line_1_8' title="bbox 181 508 1617 560; baseline 0.001 -13"><span class='ocrx_word' id='word_1_43' title='bbox 181 521 261 547; x_wconf 85' lang='lat' dir='ltr'><strong>esse</strong></span> <span class='ocrx_word' id='word_1_44' title='bbox 304 508 378 546; x_wconf 84' lang='lat' dir='ltr'><strong>abl.</strong></span> <span class='ocrx_word' id='word_1_45' title='bbox 415 520 514 546; x_wconf 87' lang='lat' dir='ltr'><strong>caus.</strong></span> <span class='ocrx_word' id='word_1_46' title='bbox 551 508 651 546; x_wconf 90' lang='lat' dir='ltr'><strong>hunc</strong></span> <span class='ocrx_word' id='word_1_47' title='bbox 679 508 751 546; x_wconf 87' lang='lat' dir='ltr'><strong>abl.</strong></span> <span class='ocrx_word' id='word_1_48' title='bbox 782 508 956 547; x_wconf 87' lang='lat' dir='ltr'><strong>instrum.</strong></span> <span class='ocrx_word' id='word_1_49' title='bbox 987 508 1051 560; x_wconf 90' lang='lat' dir='ltr'><strong>qui</strong></span> <span class='ocrx_word' id='word_1_50' title='bbox 1081 508 1267 548; x_wconf 89' lang='lat' dir='ltr'><strong>dicuntur.</strong></span> <span class='ocrx_word' id='word_1_51' title='bbox 1326 511 1434 549; x_wconf 84' lang='lat' dir='ltr'><strong>Conf.</strong></span> <span class='ocrx_word' id='word_1_52' title='bbox 1464 510 1617 560; x_wconf 85' lang='lat' dir='ltr'><strong>Kriiger</strong></span> 
     </span>
     <span class='ocr_line' id='line_1_9' title="bbox 181 564 1614 616; baseline 0 -13"><span class='ocrx_word' id='word_1_53' title='bbox 181 565 308 604; x_wconf 78' lang='lat' dir='ltr'><strong>oram.</strong></span> <span class='ocrx_word' id='word_1_54' title='bbox 339 564 405 601; x_wconf 79' lang='lat' dir='ltr'><strong>der</strong></span> <span class='ocrx_word' id='word_1_55' title='bbox 432 564 523 602; x_wconf 86' lang='lat' dir='ltr'><strong>Lat.</strong></span> <span class='ocrx_word' id='word_1_56' title='bbox 554 564 723 615; x_wconf 76' lang='lat' dir='ltr'><strong>Sprache</strong></span> <span class='ocrx_word' id='word_1_57' title='bbox 751 567 803 610; x_wconf 55' lang='grc' dir='ltr'><strong>ὃς</strong></span> <span class='ocrx_word' id='word_1_58' title='bbox 833 568 923 608; x_wconf 83' lang='grc'><strong>388,</strong></span> <span class='ocrx_word' id='word_1_59' title='bbox 949 568 1039 603; x_wconf 83' lang='grc'>389.</span> <span class='ocrx_word' id='word_1_60' title='bbox 1085 565 1145 602; x_wconf 86' lang='lat' dir='ltr'><strong>Ita</strong></span> <span class='ocrx_word' id='word_1_61' title='bbox 1171 577 1271 616; x_wconf 80' lang='lat' dir='ltr'><strong>saepe</strong></span> <span class='ocrx_word' id='word_1_62' title='bbox 1295 578 1316 604; x_wconf 90' lang='lat' dir='ltr'><strong>a</strong></span> <span class='ocrx_word' id='word_1_63' title='bbox 1340 566 1471 604; x_wconf 85' lang='lat' dir='ltr'><strong>Tacito</strong></span> <span class='ocrx_word' id='word_1_64' title='bbox 1493 565 1614 603; x_wconf 87' lang='lat' dir='ltr'><strong>eidem</strong></span> 
     </span>
     <span class='ocr_line' id='line_1_10' title="bbox 183 618 1616 670; baseline 0 -15"><span class='ocrx_word' id='word_1_65' title='bbox 183 619 294 657; x_wconf 84' lang='lat' dir='ltr'><strong>verbo</strong></span> <span class='ocrx_word' id='word_1_66' title='bbox 325 618 573 669; x_wconf 85' lang='lat' dir='ltr'><strong>subjiciuntur</strong></span> <span class='ocrx_word' id='word_1_67' title='bbox 604 619 771 664; x_wconf 89' lang='lat' dir='ltr'><strong>ablativi,</strong></span> <span class='ocrx_word' id='word_1_68' title='bbox 802 619 867 670; x_wconf 81' lang='lat' dir='ltr'><strong>qui</strong></span> <span class='ocrx_word' id='word_1_69' title='bbox 896 632 971 657; x_wconf 91' lang='lat' dir='ltr'><strong>non</strong></span> <span class='ocrx_word' id='word_1_70' title='bbox 1002 624 1090 657; x_wconf 84' lang='lat' dir='ltr'><strong>sunt</strong></span> <span class='ocrx_word' id='word_1_71' title='bbox 1119 619 1283 670; x_wconf 85' lang='lat' dir='ltr'><strong>ejusdem</strong></span> <span class='ocrx_word' id='word_1_72' title='bbox 1309 620 1471 670; x_wconf 83' lang='lat' dir='ltr'><strong>generis.</strong></span> <span class='ocrx_word' id='word_1_73' title='bbox 1517 620 1616 657; x_wconf 83' lang='lat' dir='ltr'><strong>Vide</strong></span> 
     </span>
     <span class='ocr_line' id='line_1_11' title="bbox 179 674 1615 725; baseline 0 -12"><span class='ocrx_word' id='word_1_74' title='bbox 179 674 305 713; x_wconf 85' lang='lat' dir='ltr'><strong>Boett.</strong></span> <span class='ocrx_word' id='word_1_75' title='bbox 350 674 440 712; x_wconf 88' lang='lat' dir='ltr'><strong>Lex.</strong></span> <span class='ocrx_word' id='word_1_76' title='bbox 484 675 601 713; x_wconf 81' lang='lat' dir='ltr'><strong>Tacit.</strong></span> <span class='ocrx_word' id='word_1_77' title='bbox 648 687 730 724; x_wconf 85' lang='lat' dir='ltr'>pag.</span> <span class='ocrx_word' id='word_1_78' title='bbox 767 674 868 712; x_wconf 91' lang='lat' dir='ltr'>LXI.</span> <span class='ocrx_word' id='word_1_79' title='bbox 928 674 1035 712; x_wconf 84' lang='lat' dir='ltr'><strong>Couf.</strong></span> <span class='ocrx_word' id='word_1_80' title='bbox 1073 674 1170 712; x_wconf 87' lang='lat' dir='ltr'><strong>infra</strong></span> <span class='ocrx_word' id='word_1_81' title='bbox 1207 675 1298 725; x_wconf 89' lang='lat' dir='ltr'><strong>Cap.</strong></span> <span class='ocrx_word' id='word_1_82' title='bbox 1340 680 1402 712; x_wconf 83' lang='lat'><strong>25.</strong></span> <span class='ocrx_word' id='word_1_83' title='bbox 1435 675 1615 721; x_wconf 45' lang='lat' dir='ltr'><strong>‚Servum</strong></span> 
     </span>
     <span class='ocr_line' id='line_1_12' title="bbox 180 730 1615 780; baseline -0.001 -14"><span class='ocrx_word' id='word_1_84' title='bbox 180 730 345 767; x_wconf 85' lang='lat' dir='ltr'><strong>occidere</strong></span> <span class='ocrx_word' id='word_1_85' title='bbox 386 732 502 767; x_wconf 85' lang='lat' dir='ltr'><strong>solent</strong></span> <span class='ocrx_word' id='word_1_86' title='bbox 537 743 607 767; x_wconf 89' lang='lat' dir='ltr'><strong>non</strong></span> <span class='ocrx_word' id='word_1_87' title='bbox 643 730 840 779; x_wconf 79' lang='lat' dir='ltr'><strong>disciplina</strong></span> <span class='ocrx_word' id='word_1_88' title='bbox 876 735 943 766; x_wconf 84' lang='lat' dir='ltr'><strong>aut</strong></span> <span class='ocrx_word' id='word_1_89' title='bbox 978 731 1184 773; x_wconf 83' lang='lat' dir='ltr'><strong>severitate,</strong></span> <span class='ocrx_word' id='word_1_90' title='bbox 1222 730 1291 766; x_wconf 81' lang='lat' dir='ltr'><strong>sed</strong></span> <span class='ocrx_word' id='word_1_91' title='bbox 1316 732 1451 780; x_wconf 78' lang='lat' dir='ltr'><strong>impetu</strong></span> <span class='ocrx_word' id='word_1_92' title='bbox 1482 735 1517 766; x_wconf 88' lang='lat' dir='ltr'><strong>et</strong></span> <span class='ocrx_word' id='word_1_93' title='bbox 1544 732 1615 766; x_wconf 80' lang='lat' dir='ltr'><strong>ira.</strong></span> 
     </span>
     <span class='ocr_line' id='line_1_13' title="bbox 179 783 1615 834; baseline 0 -13"><span class='ocrx_word' id='word_1_94' title='bbox 179 783 280 821; x_wconf 84' lang='lat' dir='ltr'><strong>Hist.</strong></span> <span class='ocrx_word' id='word_1_95' title='bbox 325 783 378 821; x_wconf 92' lang='grc' dir='ltr'><strong>ΙΙ.</strong></span> <span class='ocrx_word' id='word_1_96' title='bbox 425 789 488 822; x_wconf 81' lang='grc'><strong>22.</strong></span> <span class='ocrx_word' id='word_1_97' title='bbox 534 784 691 821; x_wconf 77' lang='lat' dir='ltr'><strong>molares</strong></span> <span class='ocrx_word' id='word_1_98' title='bbox 734 785 873 833; x_wconf 67' lang='lat' dir='ltr'><strong>ingenti</strong></span> <span class='ocrx_word' id='word_1_99' title='bbox 908 783 1073 833; x_wconf 86' lang='lat' dir='ltr'><strong>pondere</strong></span> <span class='ocrx_word' id='word_1_100' title='bbox 1115 796 1161 821; x_wconf 86' lang='lat' dir='ltr'><strong>ac</strong></span> <span class='ocrx_word' id='word_1_101' title='bbox 1187 785 1349 833; x_wconf 63' lang='lat' dir='ltr'><strong>fragore</strong></span> <span class='ocrx_word' id='word_1_102' title='bbox 1381 785 1615 834; x_wconf 82' lang='lat' dir='ltr'><strong>provolvunt.</strong></span> 
     </span>
     <span class='ocr_line' id='line_1_14' title="bbox 179 838 1614 888; baseline 0.001 -13"><span class='ocrx_word' id='word_1_103' title='bbox 179 839 354 876; x_wconf 79' lang='lat' dir='ltr'><strong>Fortasse</strong></span> <span class='ocrx_word' id='word_1_104' title='bbox 384 838 534 888; x_wconf 79' lang='lat' dir='ltr'><strong>scripsit</strong></span> <span class='ocrx_word' id='word_1_105' title='bbox 564 838 645 875; x_wconf 87' lang='lat' dir='ltr'><strong>haec</strong></span> <span class='ocrx_word' id='word_1_106' title='bbox 673 839 761 876; x_wconf 82' lang='lat' dir='ltr'><strong>Tac.</strong></span> <span class='ocrx_word' id='word_1_107' title='bbox 794 838 966 887; x_wconf 87' lang='lat' dir='ltr'><strong>cogitans</strong></span> <span class='ocrx_word' id='word_1_108' title='bbox 996 851 1050 882; x_wconf 90' lang='lat' dir='ltr'><strong>ea,</strong></span> <span class='ocrx_word' id='word_1_109' title='bbox 1084 849 1169 887; x_wconf 88' lang='lat' dir='ltr'><strong>quae</strong></span> <span class='ocrx_word' id='word_1_110' title='bbox 1199 839 1294 876; x_wconf 82' lang='lat' dir='ltr'><strong>Caes.</strong></span> <span class='ocrx_word' id='word_1_111' title='bbox 1327 838 1371 877; x_wconf 91' lang='grc' dir='ltr'><strong>Β.</strong></span> <span class='ocrx_word' id='word_1_112' title='bbox 1403 839 1449 876; x_wconf 88' lang='lat' dir='ltr'><strong>G.</strong></span> <span class='ocrx_word' id='word_1_113' title='bbox 1479 838 1545 876; x_wconf 91' lang='lat' dir='ltr'><strong>IV.</strong></span> <span class='ocrx_word' id='word_1_114' title='bbox 1581 843 1614 876; x_wconf 88' lang='lat'><strong>3.</strong></span> 
     </span>
     <span class='ocr_line' id='line_1_15' title="bbox 179 892 1617 945; baseline 0.001 -14"><span class='ocrx_word' id='word_1_115' title='bbox 179 892 319 931; x_wconf 82' lang='lat' dir='ltr'><strong>tradita</strong></span> <span class='ocrx_word' id='word_1_116' title='bbox 361 892 572 930; x_wconf 80' lang='lat' dir='ltr'><strong>invenerat:</strong></span> <span class='ocrx_word' id='word_1_117' title='bbox 618 893 771 931; x_wconf 81' lang='lat' dir='ltr'><strong>Publice</strong></span> <span class='ocrx_word' id='word_1_118' title='bbox 811 894 1006 930; x_wconf 75' lang='lat' dir='ltr'><strong>maoeimam</strong></span> <span class='ocrx_word' id='word_1_119' title='bbox 1044 899 1183 943; x_wconf 81' lang='lat' dir='ltr'><strong>patant</strong></span> <span class='ocrx_word' id='word_1_120' title='bbox 1220 906 1297 931; x_wconf 82' lang='lat' dir='ltr'><strong>esse</strong></span> <span class='ocrx_word' id='word_1_121' title='bbox 1333 894 1478 932; x_wconf 81' lang='lat' dir='ltr'><strong>laudem</strong></span> <span class='ocrx_word' id='word_1_122' title='bbox 1506 907 1617 945; x_wconf 80' lang='lat' dir='ltr'><strong>quam</strong></span> 
     </span>
     <span class='ocr_line' id='line_1_16' title="bbox 180 948 1615 998; baseline 0.001 -12"><span class='ocrx_word' id='word_1_123' title='bbox 180 949 354 987; x_wconf 82' lang='lat' dir='ltr'><strong>latissime</strong></span> <span class='ocrx_word' id='word_1_124' title='bbox 376 961 400 987; x_wconf 87' lang='lat' dir='ltr'><strong>a</strong></span> <span class='ocrx_word' id='word_1_125' title='bbox 418 949 558 998; x_wconf 82' lang='lat' dir='ltr'><strong>finibus</strong></span> <span class='ocrx_word' id='word_1_126' title='bbox 586 950 663 987; x_wconf 80' lang='lat' dir='ltr'><strong>suis</strong></span> <span class='ocrx_word' id='word_1_127' title='bbox 690 962 826 987; x_wconf 87' lang='lat' dir='ltr'><strong>vacare</strong></span> <span class='ocrx_word' id='word_1_128' title='bbox 855 962 967 998; x_wconf 73' lang='lat' dir='ltr'><strong>aqros</strong></span> <span class='ocrx_word' id='word_1_129' title='bbox 996 952 1033 987; x_wconf 90' lang='lat' dir='ltr'><strong>et</strong></span> <span class='ocrx_word' id='word_1_130' title='bbox 1062 948 1164 987; x_wconf 90' lang='lat' dir='ltr'><strong>Ibid.</strong></span> <span class='ocrx_word' id='word_1_131' title='bbox 1195 949 1263 988; x_wconf 92' lang='lat' dir='ltr'><strong>VI.</strong></span> <span class='ocrx_word' id='word_1_132' title='bbox 1288 953 1351 988; x_wconf 81' lang='lat'><strong>23.</strong></span> <span class='ocrx_word' id='word_1_133' title='bbox 1396 950 1615 989; x_wconf 67' lang='lat' dir='ltr'><strong>Civitatibus</strong></span> 
     </span>
     <span class='ocr_line' id='line_1_17' title="bbox 179 1005 1615 1054; baseline 0.001 -13"><span class='ocrx_word' id='word_1_134' title='bbox 179 1006 339 1041; x_wconf 66' lang='lat' dir='ltr'><strong>maxima</strong></span> <span class='ocrx_word' id='word_1_135' title='bbox 382 1006 464 1041; x_wconf 83' lang='lat' dir='ltr'><strong>laus</strong></span> <span class='ocrx_word' id='word_1_136' title='bbox 508 1011 563 1041; x_wconf 84' lang='lat' dir='ltr'><strong>est</strong></span> <span class='ocrx_word' id='word_1_137' title='bbox 598 1017 707 1054; x_wconf 81' lang='lat' dir='ltr'><strong>quam</strong></span> <span class='ocrx_word' id='word_1_138' title='bbox 746 1005 921 1042; x_wconf 85' lang='lat' dir='ltr'><strong>latissime</strong></span> <span class='ocrx_word' id='word_1_139' title='bbox 949 1006 1086 1043; x_wconf 82' lang='lat' dir='ltr'><strong>circum</strong></span> <span class='ocrx_word' id='word_1_140' title='bbox 1113 1018 1152 1042; x_wconf 82' lang='lat' dir='ltr'><strong>se</strong></span> <span class='ocrx_word' id='word_1_141' title='bbox 1180 1008 1339 1043; x_wconf 82' lang='lat' dir='ltr'><strong>vastatis</strong></span> <span class='ocrx_word' id='word_1_142' title='bbox 1357 1006 1497 1053; x_wconf 81' lang='lat' dir='ltr'><strong>finibus</strong></span> <span class='ocrx_word' id='word_1_143' title='bbox 1526 1006 1615 1043; x_wconf 78' lang='lat' dir='ltr'><strong>soli—</strong></span> 
     </span>
     <span class='ocr_line' id='line_1_18' title="bbox 181 1059 1615 1110; baseline 0.001 -15"><span class='ocrx_word' id='word_1_144' title='bbox 181 1059 323 1096; x_wconf 81' lang='lat' dir='ltr'><strong>tudines</strong></span> <span class='ocrx_word' id='word_1_145' title='bbox 358 1059 499 1096; x_wconf 78' lang='lat' dir='ltr'><strong>habere.</strong></span> <span class='ocrx_word' id='word_1_146' title='bbox 556 1060 639 1096; x_wconf 86' lang='lat' dir='ltr'><strong>Hoc</strong></span> <span class='ocrx_word' id='word_1_147' title='bbox 661 1061 858 1109; x_wconf 78' lang='lat' dir='ltr'><strong>proprium</strong></span> <span class='ocrx_word' id='word_1_148' title='bbox 885 1061 1034 1096; x_wconf 82' lang='lat' dir='ltr'><strong>virtutis</strong></span> <span class='ocrx_word' id='word_1_149' title='bbox 1063 1062 1283 1104; x_wconf 66' lang='lat' dir='ltr'><strong>existznzant,</strong></span> <span class='ocrx_word' id='word_1_150' title='bbox 1313 1061 1485 1110; x_wconf 76' lang='lat' dir='ltr'><strong>eoepalsos</strong></span> <span class='ocrx_word' id='word_1_151' title='bbox 1513 1063 1615 1109; x_wconf 70' lang='lat' dir='ltr'><strong>aqris</strong></span> 
     </span>
    </p>
   </div>
   <div class='ocr_carea' id='block_1_5' title="bbox 169 1114 1616 1164">
    <p class='ocr_par' dir='ltr' id='par_1_5' title="bbox 169 1114 1616 1164">
     <span class='ocr_line' id='line_1_19' title="bbox 169 1114 1616 1164; baseline 0.001 -14"><span class='ocrx_word' id='word_1_152' title='bbox 169 1114 347 1163; x_wconf 82' lang='lat' dir='ltr'><strong>finitimos</strong></span> <span class='ocrx_word' id='word_1_153' title='bbox 382 1114 521 1157; x_wconf 81' lang='lat' dir='ltr'><strong>cedere,</strong></span> <span class='ocrx_word' id='word_1_154' title='bbox 557 1127 671 1163; x_wconf 85' lang='lat' dir='ltr'><strong>neque</strong></span> <span class='ocrx_word' id='word_1_155' title='bbox 710 1127 922 1163; x_wconf 83' lang='lat' dir='ltr'><strong>quemquam</strong></span> <span class='ocrx_word' id='word_1_156' title='bbox 945 1128 1067 1164; x_wconf 82' lang='lat' dir='ltr'><strong>prope</strong></span> <span class='ocrx_word' id='word_1_157' title='bbox 1095 1115 1231 1152; x_wconf 84' lang='lat' dir='ltr'><strong>audere</strong></span> <span class='ocrx_word' id='word_1_158' title='bbox 1262 1117 1458 1152; x_wconf 82' lang='lat' dir='ltr'><strong>consistere</strong></span> <span class='ocrx_word' id='word_1_159' title='bbox 1466 1131 1480 1159; x_wconf 89' lang='lat'><em>;</em></span> <span class='ocrx_word' id='word_1_160' title='bbox 1508 1116 1616 1153; x_wconf 81' lang='lat' dir='ltr'><strong>simul</strong></span> 
     </span>
    </p>
   </div>
   <div class='ocr_carea' id='block_1_6' title="bbox 178 1169 1617 2654">
    <p class='ocr_par' dir='ltr' id='par_1_6' title="bbox 178 1169 1617 1707">
     <span class='ocr_line' id='line_1_20' title="bbox 178 1169 1614 1219; baseline 0.001 -12"><span class='ocrx_word' id='word_1_161' title='bbox 178 1170 245 1207; x_wconf 82' lang='grc' dir='ltr'><strong>Ῐιοο</strong></span> <span class='ocrx_word' id='word_1_162' title='bbox 266 1181 305 1206; x_wconf 84' lang='lat' dir='ltr'><strong>se</strong></span> <span class='ocrx_word' id='word_1_163' title='bbox 318 1170 407 1218; x_wconf 87' lang='lat' dir='ltr'><strong>sore</strong></span> <span class='ocrx_word' id='word_1_164' title='bbox 431 1171 583 1206; x_wconf 84' lang='lat' dir='ltr'><strong>tutiores</strong></span> <span class='ocrx_word' id='word_1_165' title='bbox 604 1169 837 1207; x_wconf 77' lang='lat' dir='ltr'><strong>arbitrantur</strong></span> <span class='ocrx_word' id='word_1_166' title='bbox 859 1171 1057 1219; x_wconf 83' lang='lat' dir='ltr'><strong>repentinoe</strong></span> <span class='ocrx_word' id='word_1_167' title='bbox 1079 1171 1296 1207; x_wconf 77' lang='lat' dir='ltr'><strong>incursionis</strong></span> <span class='ocrx_word' id='word_1_168' title='bbox 1320 1172 1445 1208; x_wconf 85' lang='lat' dir='ltr'><strong>timore</strong></span> <span class='ocrx_word' id='word_1_169' title='bbox 1457 1171 1614 1208; x_wconf 81' lang='lat' dir='ltr'><strong>sublato.</strong></span> 
     </span>
     <span class='ocr_line' id='line_1_21' title="bbox 181 1224 1613 1274; baseline 0.002 -14"><span class='ocrx_word' id='word_1_170' title='bbox 181 1224 385 1273; x_wconf 82' lang='lat' dir='ltr'><strong>Eleganter</strong></span> <span class='ocrx_word' id='word_1_171' title='bbox 414 1224 530 1272; x_wconf 85' lang='lat' dir='ltr'><strong>igitur</strong></span> <span class='ocrx_word' id='word_1_172' title='bbox 560 1224 660 1269; x_wconf 64' lang='lat' dir='ltr'><strong>Tac„</strong></span> <span class='ocrx_word' id='word_1_173' title='bbox 691 1237 775 1274; x_wconf 69' lang='lat' dir='ltr'><strong>quie</strong></span> <span class='ocrx_word' id='word_1_174' title='bbox 804 1229 860 1261; x_wconf 87' lang='lat' dir='ltr'><strong>est</strong></span> <span class='ocrx_word' id='word_1_175' title='bbox 890 1224 970 1274; x_wconf 89' lang='lat' dir='ltr'><strong>ejus</strong></span> <span class='ocrx_word' id='word_1_176' title='bbox 1000 1224 1148 1261; x_wconf 86' lang='lat' dir='ltr'><strong>dicendi</strong></span> <span class='ocrx_word' id='word_1_177' title='bbox 1178 1225 1353 1269; x_wconf 76' lang='lat' dir='ltr'><strong>brevitas,</strong></span> <span class='ocrx_word' id='word_1_178' title='bbox 1390 1238 1465 1262; x_wconf 91' lang='lat' dir='ltr'><strong>uno</strong></span> <span class='ocrx_word' id='word_1_179' title='bbox 1500 1225 1613 1263; x_wconf 88' lang='lat' dir='ltr'><strong>verbo</strong></span> 
     </span>
     <span class='ocr_line' id='line_1_22' title="bbox 179 1278 1614 1329; baseline 0.001 -13"><span class='ocrx_word' id='word_1_180' title='bbox 179 1285 274 1316; x_wconf 83' lang='lat' dir='ltr'><strong>meta</strong></span> <span class='ocrx_word' id='word_1_181' title='bbox 311 1278 623 1329; x_wconf 84' lang='lat' dir='ltr'><strong>comprehendere</strong></span> <span class='ocrx_word' id='word_1_182' title='bbox 665 1279 813 1316; x_wconf 85' lang='lat' dir='ltr'><strong>videtur</strong></span> <span class='ocrx_word' id='word_1_183' title='bbox 842 1283 960 1317; x_wconf 87' lang='lat' dir='ltr'><strong>totam</strong></span> <span class='ocrx_word' id='word_1_184' title='bbox 993 1278 1087 1317; x_wconf 88' lang='lat' dir='ltr'><strong>hanc</strong></span> <span class='ocrx_word' id='word_1_185' title='bbox 1119 1280 1194 1317; x_wconf 79' lang='lat' dir='ltr'><strong>fere</strong></span> <span class='ocrx_word' id='word_1_186' title='bbox 1224 1279 1468 1317; x_wconf 83' lang='lat' dir='ltr'><strong>sententiam:</strong></span> <span class='ocrx_word' id='word_1_187' title='bbox 1498 1286 1540 1317; x_wconf 80' lang='lat' dir='ltr'><strong>ut</strong></span> <span class='ocrx_word' id='word_1_188' title='bbox 1567 1280 1614 1318; x_wconf 86' lang='lat' dir='ltr'><strong>ab</strong></span> 
     </span>
     <span class='ocr_line' id='line_1_23' title="bbox 180 1335 1617 1385; baseline 0.001 -14"><span class='ocrx_word' id='word_1_189' title='bbox 180 1335 266 1372; x_wconf 82' lang='lat' dir='ltr'><strong>aliis</strong></span> <span class='ocrx_word' id='word_1_190' title='bbox 296 1336 471 1384; x_wconf 81' lang='lat' dir='ltr'><strong>partibas</strong></span> <span class='ocrx_word' id='word_1_191' title='bbox 508 1335 684 1373; x_wconf 79' lang='lat' dir='ltr'><strong>Germani</strong></span> <span class='ocrx_word' id='word_1_192' title='bbox 707 1335 921 1384; x_wconf 82' lang='lat' dir='ltr'><strong>flaminibus</strong></span> <span class='ocrx_word' id='word_1_193' title='bbox 958 1348 1003 1373; x_wconf 87' lang='lat' dir='ltr'><strong>ac</strong></span> <span class='ocrx_word' id='word_1_194' title='bbox 1031 1336 1210 1373; x_wconf 80' lang='lat' dir='ltr'><strong>montibus</strong></span> <span class='ocrx_word' id='word_1_195' title='bbox 1239 1349 1263 1372; x_wconf 93' lang='lat' dir='ltr'><strong>a</strong></span> <span class='ocrx_word' id='word_1_196' title='bbox 1291 1337 1418 1373; x_wconf 78' lang='lat' dir='ltr'><strong>vicinis</strong></span> <span class='ocrx_word' id='word_1_197' title='bbox 1446 1338 1617 1385; x_wconf 86' lang='lat' dir='ltr'><strong>separati</strong></span> 
     </span>
     <span class='ocr_line' id='line_1_24' title="bbox 183 1391 1616 1442; baseline 0.001 -15"><span class='ocrx_word' id='word_1_198' title='bbox 183 1395 359 1434; x_wconf 82' lang='lat' dir='ltr'><strong>tenentur,</strong></span> <span class='ocrx_word' id='word_1_199' title='bbox 388 1392 446 1427; x_wconf 81' lang='lat' dir='ltr'><strong>sic</strong></span> <span class='ocrx_word' id='word_1_200' title='bbox 474 1391 519 1427; x_wconf 90' lang='lat' dir='ltr'><strong>ab</strong></span> <span class='ocrx_word' id='word_1_201' title='bbox 548 1392 616 1428; x_wconf 76' lang='lat' dir='ltr'><strong>hac</strong></span> <span class='ocrx_word' id='word_1_202' title='bbox 641 1396 765 1440; x_wconf 86' lang='lat' dir='ltr'><strong>parte,</strong></span> <span class='ocrx_word' id='word_1_203' title='bbox 794 1391 856 1428; x_wconf 79' lang='lat' dir='ltr'><strong>abi</strong></span> <span class='ocrx_word' id='word_1_204' title='bbox 884 1392 993 1428; x_wconf 87' lang='lat' dir='ltr'><strong>certis</strong></span> <span class='ocrx_word' id='word_1_205' title='bbox 1022 1397 1167 1428; x_wconf 85' lang='lat' dir='ltr'><strong>naturoe</strong></span> <span class='ocrx_word' id='word_1_206' title='bbox 1185 1391 1325 1439; x_wconf 82' lang='lat' dir='ltr'><strong>finibus</strong></span> <span class='ocrx_word' id='word_1_207' title='bbox 1347 1392 1616 1442; x_wconf 76' lang='lat' dir='ltr'><strong>circumscripti</strong></span> 
     </span>
     <span class='ocr_line' id='line_1_25' title="bbox 180 1447 1611 1496; baseline 0.001 -14"><span class='ocrx_word' id='word_1_208' title='bbox 180 1458 252 1483; x_wconf 90' lang='lat' dir='ltr'><strong>non</strong></span> <span class='ocrx_word' id='word_1_209' title='bbox 281 1452 380 1489; x_wconf 79' lang='lat' dir='ltr'><strong>sant,</strong></span> <span class='ocrx_word' id='word_1_210' title='bbox 409 1452 554 1483; x_wconf 82' lang='lat' dir='ltr'><strong>mutuus</strong></span> <span class='ocrx_word' id='word_1_211' title='bbox 582 1452 707 1491; x_wconf 84' lang='lat' dir='ltr'><strong>metus,</strong></span> <span class='ocrx_word' id='word_1_212' title='bbox 738 1448 803 1495; x_wconf 79' lang='lat' dir='ltr'><strong>qui</strong></span> <span class='ocrx_word' id='word_1_213' title='bbox 830 1460 873 1483; x_wconf 73' lang='lat' dir='ltr'><strong>ex</strong></span> <span class='ocrx_word' id='word_1_214' title='bbox 908 1448 1041 1483; x_wconf 81' lang='lat' dir='ltr'><strong>mutuis</strong></span> <span class='ocrx_word' id='word_1_215' title='bbox 1063 1447 1369 1496; x_wconf 54' lang='lat' dir='ltr'><strong>populationibus</strong></span> <span class='ocrx_word' id='word_1_216' title='bbox 1406 1452 1461 1483; x_wconf 84' lang='lat' dir='ltr'><strong>est</strong></span> <span class='ocrx_word' id='word_1_217' title='bbox 1496 1453 1611 1491; x_wconf 79' lang='lat' dir='ltr'><strong>ortus,</strong></span> 
     </span>
     <span class='ocr_line' id='line_1_26' title="bbox 181 1500 1606 1550; baseline 0 -12"><span class='ocrx_word' id='word_1_218' title='bbox 181 1501 296 1549; x_wconf 66' lang='lat' dir='ltr'><strong>efficit,</strong></span> <span class='ocrx_word' id='word_1_219' title='bbox 339 1506 381 1537; x_wconf 86' lang='lat' dir='ltr'><strong>ut</strong></span> <span class='ocrx_word' id='word_1_220' title='bbox 426 1513 505 1538; x_wconf 84' lang='lat' dir='ltr'><strong>cam</strong></span> <span class='ocrx_word' id='word_1_221' title='bbox 547 1503 675 1538; x_wconf 84' lang='lat' dir='ltr'><strong>vicinis</strong></span> <span class='ocrx_word' id='word_1_222' title='bbox 712 1514 781 1538; x_wconf 91' lang='lat' dir='ltr'><strong>non</strong></span> <span class='ocrx_word' id='word_1_223' title='bbox 819 1502 1100 1550; x_wconf 83' lang='lat' dir='ltr'><strong>confundantur.</strong></span> <span class='ocrx_word' id='word_1_224' title='bbox 1168 1500 1273 1538; x_wconf 83' lang='lat' dir='ltr'><strong>Cous.</strong></span> <span class='ocrx_word' id='word_1_225' title='bbox 1304 1500 1419 1539; x_wconf 88' lang='lat' dir='ltr'><strong>Thuc</strong></span> <span class='ocrx_word' id='word_1_226' title='bbox 1451 1501 1527 1539; x_wconf 94' lang='lat' dir='ltr'><strong>III.</strong></span> <span class='ocrx_word' id='word_1_227' title='bbox 1565 1506 1606 1539; x_wconf 79' lang='lat'><strong>11</strong></span> 
     </span>
     <span class='ocr_line' id='line_1_27' title="bbox 180 1556 1612 1605; baseline 0.001 -12"><span class='ocrx_word' id='word_1_228' title='bbox 180 1556 243 1593; x_wconf 88' lang='lat' dir='ltr'><strong>ubi</strong></span> <span class='ocrx_word' id='word_1_229' title='bbox 292 1561 443 1593; x_wconf 86' lang='lat' dir='ltr'><strong>mutuus</strong></span> <span class='ocrx_word' id='word_1_230' title='bbox 491 1560 610 1593; x_wconf 87' lang='lat' dir='ltr'><strong>metus</strong></span> <span class='ocrx_word' id='word_1_231' title='bbox 654 1556 791 1593; x_wconf 87' lang='lat' dir='ltr'><strong>dicitur</strong></span> <span class='ocrx_word' id='word_1_232' title='bbox 830 1569 908 1593; x_wconf 85' lang='lat' dir='ltr'><strong>esse</strong></span> <span class='ocrx_word' id='word_1_233' title='bbox 946 1556 1192 1593; x_wconf 83' lang='lat' dir='ltr'><strong>certissimum</strong></span> <span class='ocrx_word' id='word_1_234' title='bbox 1242 1556 1378 1605; x_wconf 83' lang='lat' dir='ltr'><strong>pignus</strong></span> <span class='ocrx_word' id='word_1_235' title='bbox 1422 1556 1612 1594; x_wconf 82' lang='lat' dir='ltr'><strong>societatis</strong></span> 
     </span>
     <span class='ocr_line' id='line_1_28' title="bbox 181 1604 1612 1663; baseline 0.002 -14"><span class='ocrx_word' id='word_1_236' title='bbox 181 1624 223 1649; x_wconf 83' lang='lat' dir='ltr'><strong>ac</strong></span> <span class='ocrx_word' id='word_1_237' title='bbox 266 1610 368 1648; x_wconf 86' lang='lat' dir='ltr'><strong>fidei:</strong></span> <span class='ocrx_word' id='word_1_238' title='bbox 421 1608 483 1651; x_wconf 86' lang='grc' dir='ltr'><strong>Τὸ</strong></span> <span class='ocrx_word' id='word_1_239' title='bbox 531 1608 580 1652; x_wconf 80' lang='grc' dir='ltr'><strong>δὲ</strong></span> <span class='ocrx_word' id='word_1_240' title='bbox 625 1604 871 1652; x_wconf 76' lang='grc' dir='ltr'><em>ἀντίπαλον</em></span> <span class='ocrx_word' id='word_1_241' title='bbox 914 1607 1016 1660; x_wconf 83' lang='grc' dir='ltr'><strong><em>δέος</em></strong></span> <span class='ocrx_word' id='word_1_242' title='bbox 1050 1605 1186 1663; x_wconf 81' lang='grc' dir='ltr'><strong><em>μόνον</em></strong></span> <span class='ocrx_word' id='word_1_243' title='bbox 1221 1608 1383 1652; x_wconf 81' lang='grc' dir='ltr'>πιστὸν</span> <span class='ocrx_word' id='word_1_244' title='bbox 1412 1605 1477 1660; x_wconf 80' lang='grc' dir='ltr'><strong>εἰς</strong></span> <span class='ocrx_word' id='word_1_245' title='bbox 1507 1625 1612 1663; x_wconf 90' lang='grc' dir='ltr'>συμ-</span> 
     </span>
     <span class='ocr_line' id='line_1_29' title="bbox 198 1661 357 1707; baseline 0.007 -2"><span class='ocrx_word' id='word_1_246' title='bbox 198 1680 245 1706; x_wconf 86' lang='grc' dir='ltr'><strong>ια</strong></span> <span class='ocrx_word' id='word_1_247' title='bbox 274 1661 357 1707; x_wconf 82' lang='grc' dir='ltr'><strong><em>ίαν.</em></strong></span> 
     </span>
    </p>

    <p class='ocr_par' dir='ltr' id='par_1_7' title="bbox 179 1679 1615 2654">
     <span class='ocr_line' id='line_1_30' title="bbox 179 1679 1608 1771; baseline -0.001 -12"><span class='ocrx_word' id='word_1_248' title='bbox 179 1680 196 1717; x_wconf 47' lang='grc' dir='ltr'>ἰ</span> <span class='ocrx_word' id='word_1_249' title='bbox 244 1679 271 1717; x_wconf 78' lang='grc' dir='ltr'><strong><em>χ</em></strong></span> <span class='ocrx_word' id='word_1_250' title='bbox 292 1721 481 1759; x_wconf 85' lang='lat' dir='ltr'><strong>Oceanus.-</strong></span> <span class='ocrx_word' id='word_1_251' title='bbox 511 1726 693 1771; x_wconf 84' lang='lat' dir='ltr'><strong>quantum</strong></span> <span class='ocrx_word' id='word_1_252' title='bbox 723 1721 793 1758; x_wconf 89' lang='lat' dir='ltr'><strong>hoc</strong></span> <span class='ocrx_word' id='word_1_253' title='bbox 823 1721 1004 1759; x_wconf 88' lang='lat' dir='ltr'><strong>vocabulo</strong></span> <span class='ocrx_word' id='word_1_254' title='bbox 1033 1721 1150 1758; x_wconf 86' lang='lat' dir='ltr'><strong>Tacit.</strong></span> <span class='ocrx_word' id='word_1_255' title='bbox 1175 1721 1510 1771; x_wconf 88' lang='lat' dir='ltr'><strong>comprehenderit,</strong></span> <span class='ocrx_word' id='word_1_256' title='bbox 1535 1733 1608 1758; x_wconf 90' lang='lat' dir='ltr'><strong>non</strong></span> 
     </span>
     <span class='ocr_line' id='line_1_31' title="bbox 181 1775 1610 1826; baseline 0 -14"><span class='ocrx_word' id='word_1_257' title='bbox 181 1775 293 1813; x_wconf 86' lang='lat' dir='ltr'><strong>facile</strong></span> <span class='ocrx_word' id='word_1_258' title='bbox 337 1780 392 1813; x_wconf 85' lang='lat' dir='ltr'><strong>est</strong></span> <span class='ocrx_word' id='word_1_259' title='bbox 437 1789 503 1826; x_wconf 88' lang='lat' dir='ltr'><strong>pro</strong></span> <span class='ocrx_word' id='word_1_260' title='bbox 547 1781 646 1813; x_wconf 84' lang='lat' dir='ltr'><strong>certo</strong></span> <span class='ocrx_word' id='word_1_261' title='bbox 693 1776 889 1813; x_wconf 86' lang='lat' dir='ltr'><strong>affirmare.</strong></span> <span class='ocrx_word' id='word_1_262' title='bbox 948 1775 987 1812; x_wconf 86' lang='lat' dir='ltr'><strong>Si</strong></span> <span class='ocrx_word' id='word_1_263' title='bbox 1029 1775 1130 1812; x_wconf 93' lang='lat' dir='ltr'><strong>locos</strong></span> <span class='ocrx_word' id='word_1_264' title='bbox 1177 1780 1302 1812; x_wconf 87' lang='lat' dir='ltr'><strong>autem</strong></span> <span class='ocrx_word' id='word_1_265' title='bbox 1341 1775 1451 1825; x_wconf 88' lang='lat' dir='ltr'><strong>hujus</strong></span> <span class='ocrx_word' id='word_1_266' title='bbox 1482 1775 1610 1819; x_wconf 84' lang='lat' dir='ltr'><strong>libelli,</strong></span> 
     </span>
     <span class='ocr_line' id='line_1_32' title="bbox 185 1830 1610 1882; baseline 0 -13"><span class='ocrx_word' id='word_1_267' title='bbox 185 1830 324 1882; x_wconf 86' lang='lat' dir='ltr'><strong>quibus</strong></span> <span class='ocrx_word' id='word_1_268' title='bbox 362 1830 408 1868; x_wconf 92' lang='lat' dir='ltr'><strong>de</strong></span> <span class='ocrx_word' id='word_1_269' title='bbox 438 1843 576 1869; x_wconf 86' lang='lat' dir='ltr'><strong>oceano</strong></span> <span class='ocrx_word' id='word_1_270' title='bbox 606 1835 670 1869; x_wconf 90' lang='lat' dir='ltr'><strong>aut</strong></span> <span class='ocrx_word' id='word_1_271' title='bbox 701 1831 813 1868; x_wconf 87' lang='lat' dir='ltr'><strong>maris</strong></span> <span class='ocrx_word' id='word_1_272' title='bbox 843 1830 1146 1881; x_wconf 80' lang='lat' dir='ltr'><strong>septentrionalis</strong></span> <span class='ocrx_word' id='word_1_273' title='bbox 1184 1830 1353 1880; x_wconf 81' lang='lat' dir='ltr'><strong>partibus</strong></span> <span class='ocrx_word' id='word_1_274' title='bbox 1383 1832 1525 1869; x_wconf 88' lang='lat' dir='ltr'><strong>mentio</strong></span> <span class='ocrx_word' id='word_1_275' title='bbox 1555 1831 1610 1877; x_wconf 85' lang='lat' dir='ltr'><strong>fit,</strong></span> 
     </span>
     <span class='ocr_line' id='line_1_33' title="bbox 181 1885 1609 1936; baseline -0.001 -13"><span class='ocrx_word' id='word_1_276' title='bbox 181 1899 451 1936; x_wconf 88' lang='lat' dir='ltr'><strong>comparemus,</strong></span> <span class='ocrx_word' id='word_1_277' title='bbox 495 1886 569 1923; x_wconf 86' lang='lat' dir='ltr'><strong>veri</strong></span> <span class='ocrx_word' id='word_1_278' title='bbox 601 1886 721 1923; x_wconf 88' lang='lat' dir='ltr'><strong>simile</strong></span> <span class='ocrx_word' id='word_1_279' title='bbox 759 1886 915 1929; x_wconf 87' lang='lat' dir='ltr'><strong>videtur,</strong></span> <span class='ocrx_word' id='word_1_280' title='bbox 959 1885 1131 1923; x_wconf 86' lang='lat' dir='ltr'><strong>Tacitum</strong></span> <span class='ocrx_word' id='word_1_281' title='bbox 1171 1886 1216 1922; x_wconf 83' lang='lat' dir='ltr'><strong>cle</strong></span> <span class='ocrx_word' id='word_1_282' title='bbox 1248 1886 1315 1923; x_wconf 87' lang='lat' dir='ltr'><strong>hac</strong></span> <span class='ocrx_word' id='word_1_283' title='bbox 1346 1898 1384 1923; x_wconf 90' lang='lat' dir='ltr'><strong>re</strong></span> <span class='ocrx_word' id='word_1_284' title='bbox 1414 1886 1609 1935; x_wconf 88' lang='lat' dir='ltr'><strong>paululum</strong></span> 
     </span>
     <span class='ocr_line' id='line_1_34' title="bbox 180 1939 1610 1991; baseline 0.001 -13"><span class='ocrx_word' id='word_1_285' title='bbox 180 1944 327 1979; x_wconf 89' lang='lat' dir='ltr'><strong>tantum</strong></span> <span class='ocrx_word' id='word_1_286' title='bbox 373 1941 565 1991; x_wconf 88' lang='lat' dir='ltr'><strong>cognitum</strong></span> <span class='ocrx_word' id='word_1_287' title='bbox 610 1940 788 1978; x_wconf 87' lang='lat' dir='ltr'><strong>habuisse</strong></span> <span class='ocrx_word' id='word_1_288' title='bbox 863 1940 992 1988; x_wconf 77' lang='lat' dir='ltr'><strong>[Sinus</strong></span> <span class='ocrx_word' id='word_1_289' title='bbox 1011 1956 1057 1971; x_wconf 93' lang='lat'><strong><em>=</em></strong></span> <span class='ocrx_word' id='word_1_290' title='bbox 1082 1939 1214 1978; x_wconf 86' lang='lat' dir='ltr'><strong>”omne</strong></span> <span class='ocrx_word' id='word_1_291' title='bbox 1243 1939 1343 1991; x_wconf 91' lang='lat' dir='ltr'><strong>quod</strong></span> <span class='ocrx_word' id='word_1_292' title='bbox 1372 1946 1610 1979; x_wconf 83' lang='lat' dir='ltr'><strong>curvaturam</strong></span> 
     </span>
     <span class='ocr_line' id='line_1_35' title="bbox 179 1993 1609 2046; baseline -0.001 -12"><span class='ocrx_word' id='word_1_293' title='bbox 179 1996 289 2035; x_wconf 86' lang='lat' dir='ltr'><strong>facit”</strong></span> <span class='ocrx_word' id='word_1_294' title='bbox 319 1997 472 2035; x_wconf 82' lang='lat' dir='ltr'><strong>Servius</strong></span> <span class='ocrx_word' id='word_1_295' title='bbox 502 1998 554 2034; x_wconf 87' lang='lat' dir='ltr'><strong>ad</strong></span> <span class='ocrx_word' id='word_1_296' title='bbox 589 1997 690 2046; x_wconf 73' lang='lat' dir='ltr'><strong>Virq.</strong></span> <span class='ocrx_word' id='word_1_297' title='bbox 719 1997 815 2034; x_wconf 85' lang='lat' dir='ltr'><strong>AEn.</strong></span> <span class='ocrx_word' id='word_1_298' title='bbox 844 1997 918 2034; x_wconf 87' lang='lat' dir='ltr'><strong>XI.</strong></span> <span class='ocrx_word' id='word_1_299' title='bbox 949 1993 1046 2034; x_wconf 83' lang='grc'><em>626.</em></span> <span class='ocrx_word' id='word_1_300' title='bbox 1078 1995 1102 2032; x_wconf 92' lang='lat' dir='ltr'><strong>i.</strong></span> <span class='ocrx_word' id='word_1_301' title='bbox 1126 2008 1156 2033; x_wconf 93' lang='lat' dir='ltr'><strong>e.</strong></span> <span class='ocrx_word' id='word_1_302' title='bbox 1178 1996 1277 2046; x_wconf 92' lang='lat' dir='ltr'><strong>quod</strong></span> <span class='ocrx_word' id='word_1_303' title='bbox 1302 1996 1466 2034; x_wconf 85' lang='lat' dir='ltr'><strong>curvatis</strong></span> <span class='ocrx_word' id='word_1_304' title='bbox 1488 1996 1609 2041; x_wconf 85' lang='lat' dir='ltr'><strong>lineis,</strong></span> 
     </span>
     <span class='ocr_line' id='line_1_36' title="bbox 179 2050 1610 2101; baseline -0.001 -12"><span class='ocrx_word' id='word_1_305' title='bbox 179 2052 258 2090; x_wconf 78' lang='lat' dir='ltr'><strong>sive</strong></span> <span class='ocrx_word' id='word_1_306' title='bbox 301 2052 397 2089; x_wconf 87' lang='lat' dir='ltr'><strong>flexu</strong></span> <span class='ocrx_word' id='word_1_307' title='bbox 440 2051 578 2101; x_wconf 90' lang='lat' dir='ltr'><strong>aliqu0,</strong></span> <span class='ocrx_word' id='word_1_308' title='bbox 622 2065 642 2088; x_wconf 86' lang='lat' dir='ltr'><strong>a</strong></span> <span class='ocrx_word' id='word_1_309' title='bbox 686 2051 804 2088; x_wconf 88' lang='lat' dir='ltr'><strong>limite</strong></span> <span class='ocrx_word' id='word_1_310' title='bbox 841 2050 992 2088; x_wconf 86' lang='lat' dir='ltr'><strong>recedit.</strong></span> <span class='ocrx_word' id='word_1_311' title='bbox 1061 2050 1255 2100; x_wconf 88' lang='lat' dir='ltr'><strong>Significat</strong></span> <span class='ocrx_word' id='word_1_312' title='bbox 1290 2050 1419 2100; x_wconf 86' lang='lat' dir='ltr'><strong>igitur,</strong></span> <span class='ocrx_word' id='word_1_313' title='bbox 1458 2063 1478 2088; x_wconf 89' lang='lat' dir='ltr'><strong>a</strong></span> <span class='ocrx_word' id='word_1_314' title='bbox 1517 2050 1610 2088; x_wconf 78' lang='lat' dir='ltr'><strong>mari</strong></span> 
     </span>
     <span class='ocr_line' id='line_1_37' title="bbox 180 2105 1610 2158; baseline -0.001 -14"><span class='ocrx_word' id='word_1_315' title='bbox 180 2106 376 2158; x_wconf 83' lang='lat' dir='ltr'><strong>spectanti,</strong></span> <span class='ocrx_word' id='word_1_316' title='bbox 415 2107 527 2144; x_wconf 82' lang='lat' dir='ltr'><strong>maris</strong></span> <span class='ocrx_word' id='word_1_317' title='bbox 564 2106 737 2157; x_wconf 86' lang='lat' dir='ltr'><strong>quendan</strong></span> <span class='ocrx_word' id='word_1_318' title='bbox 774 2106 812 2144; x_wconf 87' lang='lat' dir='ltr'><strong>in</strong></span> <span class='ocrx_word' id='word_1_319' title='bbox 850 2111 986 2143; x_wconf 85' lang='lat' dir='ltr'><strong>terram</strong></span> <span class='ocrx_word' id='word_1_320' title='bbox 1018 2105 1250 2143; x_wconf 86' lang='lat' dir='ltr'><strong>recedentem</strong></span> <span class='ocrx_word' id='word_1_321' title='bbox 1281 2106 1430 2150; x_wconf 85' lang='lat' dir='ltr'><strong>flexum,</strong></span> <span class='ocrx_word' id='word_1_322' title='bbox 1460 2105 1491 2143; x_wconf 89' lang='lat' dir='ltr'><strong>si</strong></span> <span class='ocrx_word' id='word_1_323' title='bbox 1522 2118 1610 2143; x_wconf 88' lang='lat' dir='ltr'><strong>vero</strong></span> 
     </span>
     <span class='ocr_line' id='line_1_38' title="bbox 181 2160 1609 2212; baseline -0.002 -11"><span class='ocrx_word' id='word_1_324' title='bbox 181 2176 202 2201; x_wconf 91' lang='lat' dir='ltr'><strong>a</strong></span> <span class='ocrx_word' id='word_1_325' title='bbox 240 2166 338 2200; x_wconf 84' lang='lat' dir='ltr'><strong>terra</strong></span> <span class='ocrx_word' id='word_1_326' title='bbox 380 2175 438 2199; x_wconf 86' lang='lat' dir='ltr'><strong>res</strong></span> <span class='ocrx_word' id='word_1_327' title='bbox 481 2166 681 2212; x_wconf 87' lang='lat' dir='ltr'><strong>spectatur,</strong></span> <span class='ocrx_word' id='word_1_328' title='bbox 727 2161 820 2208; x_wconf 87' lang='lat' dir='ltr'><strong>loca,</strong></span> <span class='ocrx_word' id='word_1_329' title='bbox 865 2174 949 2211; x_wconf 86' lang='lat' dir='ltr'><strong>quae</strong></span> <span class='ocrx_word' id='word_1_330' title='bbox 992 2161 1030 2198; x_wconf 90' lang='lat' dir='ltr'><strong>in</strong></span> <span class='ocrx_word' id='word_1_331' title='bbox 1068 2174 1169 2199; x_wconf 90' lang='lat' dir='ltr'><strong>mare</strong></span> <span class='ocrx_word' id='word_1_332' title='bbox 1201 2166 1435 2211; x_wconf 87' lang='lat' dir='ltr'><strong>procurrunt.</strong></span> <span class='ocrx_word' id='word_1_333' title='bbox 1494 2160 1609 2200; x_wconf 77' lang='lat' dir='ltr'><strong>Quod</strong></span> 
     </span>
     <span class='ocr_line' id='line_1_39' title="bbox 179 2215 1610 2268; baseline -0.001 -14"><span class='ocrx_word' id='word_1_334' title='bbox 179 2216 332 2255; x_wconf 81' lang='lat' dir='ltr'><strong>Tacitus</strong></span> <span class='ocrx_word' id='word_1_335' title='bbox 360 2216 440 2266; x_wconf 87' lang='lat' dir='ltr'><strong>ipse</strong></span> <span class='ocrx_word' id='word_1_336' title='bbox 470 2216 645 2260; x_wconf 84' lang='lat' dir='ltr'><strong>declarat,</strong></span> <span class='ocrx_word' id='word_1_337' title='bbox 674 2228 802 2267; x_wconf 89' lang='lat' dir='ltr'><strong>quum,</strong></span> <span class='ocrx_word' id='word_1_338' title='bbox 832 2215 931 2268; x_wconf 89' lang='lat' dir='ltr'><strong>quod</strong></span> <span class='ocrx_word' id='word_1_339' title='bbox 961 2216 1056 2253; x_wconf 82' lang='lat' dir='ltr'><strong>infra</strong></span> <span class='ocrx_word' id='word_1_340' title='bbox 1079 2215 1170 2266; x_wconf 90' lang='lat' dir='ltr'><strong>Cap.</strong></span> <span class='ocrx_word' id='word_1_341' title='bbox 1196 2220 1258 2260; x_wconf 82' lang='lat'><strong>35,</strong></span> <span class='ocrx_word' id='word_1_342' title='bbox 1282 2215 1374 2253; x_wconf 91' lang='lat' dir='ltr'><strong>dicit</strong></span> <span class='ocrx_word' id='word_1_343' title='bbox 1395 2216 1610 2266; x_wconf 88' lang='lat' dir='ltr'><strong>”ingentem</strong></span> 
     </span>
     <span class='ocr_line' id='line_1_40' title="bbox 180 2271 1611 2323; baseline -0.002 -12"><span class='ocrx_word' id='word_1_344' title='bbox 180 2271 350 2317; x_wconf 84' lang='lat' dir='ltr'><strong>flexum’&#39;‚</strong></span> <span class='ocrx_word' id='word_1_345' title='bbox 379 2271 417 2310; x_wconf 88' lang='lat' dir='ltr'><strong>id</strong></span> <span class='ocrx_word' id='word_1_346' title='bbox 448 2271 593 2316; x_wconf 89' lang='lat' dir='ltr'><strong>deinde,</strong></span> <span class='ocrx_word' id='word_1_347' title='bbox 623 2271 713 2323; x_wconf 86' lang='lat' dir='ltr'><strong>Cap.</strong></span> <span class='ocrx_word' id='word_1_348' title='bbox 747 2276 809 2318; x_wconf 82' lang='lat'><strong>27,</strong></span> <span class='ocrx_word' id='word_1_349' title='bbox 839 2272 1068 2311; x_wconf 66' lang='lat' dir='ltr'><strong>”Germanice</strong></span> <span class='ocrx_word' id='word_1_350' title='bbox 1095 2271 1233 2310; x_wconf 84' lang='lat' dir='ltr'><strong>sinum&#39;&#39;</strong></span> <span class='ocrx_word' id='word_1_351' title='bbox 1257 2271 1439 2309; x_wconf 84' lang='lat' dir='ltr'><strong>nominat.</strong></span> <span class='ocrx_word' id='word_1_352' title='bbox 1485 2272 1611 2322; x_wconf 86' lang='lat' dir='ltr'><strong>Atque</strong></span> 
     </span>
     <span class='ocr_line' id='line_1_41' title="bbox 180 2326 1611 2377; baseline -0.002 -12"><span class='ocrx_word' id='word_1_353' title='bbox 180 2328 233 2366; x_wconf 92' lang='lat' dir='ltr'><strong>ita</strong></span> <span class='ocrx_word' id='word_1_354' title='bbox 263 2340 342 2365; x_wconf 92' lang='lat' dir='ltr'><strong>voc.</strong></span> <span class='ocrx_word' id='word_1_355' title='bbox 372 2329 474 2365; x_wconf 82' lang='lat' dir='ltr'><strong>sinus</strong></span> <span class='ocrx_word' id='word_1_356' title='bbox 504 2328 540 2364; x_wconf 92' lang='lat' dir='ltr'><strong>h.</strong></span> <span class='ocrx_word' id='word_1_357' title='bbox 570 2327 594 2364; x_wconf 88' lang='lat' dir='ltr'><strong>l.</strong></span> <span class='ocrx_word' id='word_1_358' title='bbox 621 2327 910 2377; x_wconf 87' lang='lat' dir='ltr'><strong>intelligendum</strong></span> <span class='ocrx_word' id='word_1_359' title='bbox 940 2339 1031 2372; x_wconf 88' lang='lat' dir='ltr'><strong>esse,</strong></span> <span class='ocrx_word' id='word_1_360' title='bbox 1062 2327 1252 2365; x_wconf 84' lang='lat' dir='ltr'><strong>affirmant</strong></span> <span class='ocrx_word' id='word_1_361' title='bbox 1280 2326 1460 2376; x_wconf 83' lang='lat' dir='ltr'><strong>exemplis</strong></span> <span class='ocrx_word' id='word_1_362' title='bbox 1485 2326 1611 2364; x_wconf 87' lang='lat' dir='ltr'><strong>allatis</strong></span> 
     </span>
     <span class='ocr_line' id='line_1_42' title="bbox 181 2380 1611 2428; baseline -0.001 -7"><span class='ocrx_word' id='word_1_363' title='bbox 181 2382 388 2422; x_wconf 81' lang='lat' dir='ltr'><strong>doctissimi</strong></span> <span class='ocrx_word' id='word_1_364' title='bbox 432 2382 605 2427; x_wconf 86' lang='lat' dir='ltr'><strong>editores,</strong></span> <span class='ocrx_word' id='word_1_365' title='bbox 649 2382 828 2427; x_wconf 86' lang='lat' dir='ltr'><strong>Ritterus,</strong></span> <span class='ocrx_word' id='word_1_366' title='bbox 872 2381 1047 2428; x_wconf 85' lang='lat' dir='ltr'><strong>Orellius‚</strong></span> <span class='ocrx_word' id='word_1_367' title='bbox 1092 2380 1322 2420; x_wconf 86' lang='lat' dir='ltr'><strong>Gerlachius.</strong></span> <span class='ocrx_word' id='word_1_368' title='bbox 1388 2380 1462 2420; x_wconf 88' lang='lat' dir='ltr'><strong>Hic</strong></span> <span class='ocrx_word' id='word_1_369' title='bbox 1504 2380 1611 2419; x_wconf 84' lang='lat' dir='ltr'><strong>affert</strong></span> 
     </span>
     <span class='ocr_line' id='line_1_43' title="bbox 181 2436 1613 2489; baseline -0.002 -12"><span class='ocrx_word' id='word_1_370' title='bbox 181 2438 293 2477; x_wconf 83' lang='lat' dir='ltr'><strong>etiam</strong></span> <span class='ocrx_word' id='word_1_371' title='bbox 312 2438 522 2489; x_wconf 85' lang='lat' dir='ltr'><strong>exemplum</strong></span> <span class='ocrx_word' id='word_1_372' title='bbox 547 2451 590 2476; x_wconf 85' lang='lat' dir='ltr'><strong>ex</strong></span> <span class='ocrx_word' id='word_1_373' title='bbox 615 2438 805 2487; x_wconf 89' lang='lat' dir='ltr'><strong>Agricola,</strong></span> <span class='ocrx_word' id='word_1_374' title='bbox 828 2438 919 2489; x_wconf 88' lang='lat' dir='ltr'><strong>Cap.</strong></span> <span class='ocrx_word' id='word_1_375' title='bbox 945 2442 1007 2475; x_wconf 84' lang='lat'><strong>30.</strong></span> <span class='ocrx_word' id='word_1_376' title='bbox 1050 2438 1133 2475; x_wconf 80' lang='lat' dir='ltr'><strong>Nos</strong></span> <span class='ocrx_word' id='word_1_377' title='bbox 1158 2443 1342 2475; x_wconf 79' lang='lat' dir='ltr'><strong>terraram</strong></span> <span class='ocrx_word' id='word_1_378' title='bbox 1366 2449 1410 2475; x_wconf 90' lang='lat' dir='ltr'><strong>ac</strong></span> <span class='ocrx_word' id='word_1_379' title='bbox 1432 2436 1613 2475; x_wconf 85' lang='lat' dir='ltr'><strong>libertatis</strong></span> 
     </span>
     <span class='ocr_line' id='line_1_44' title="bbox 181 2491 1614 2543; baseline -0.001 -11"><span class='ocrx_word' id='word_1_380' title='bbox 181 2501 370 2539; x_wconf 67' lang='lat' dir='ltr'><strong>extrarios,</strong></span> <span class='ocrx_word' id='word_1_381' title='bbox 416 2506 581 2531; x_wconf 80' lang='lat' dir='ltr'><strong>recessus</strong></span> <span class='ocrx_word' id='word_1_382' title='bbox 623 2496 702 2543; x_wconf 85' lang='lat' dir='ltr'><strong>ipse</strong></span> <span class='ocrx_word' id='word_1_383' title='bbox 745 2507 790 2532; x_wconf 83' lang='lat' dir='ltr'><strong>ac</strong></span> <span class='ocrx_word' id='word_1_384' title='bbox 831 2496 933 2532; x_wconf 79' lang='lat' dir='ltr'><strong>sinus</strong></span> <span class='ocrx_word' id='word_1_385' title='bbox 968 2495 1085 2542; x_wconf 87' lang='lat' dir='ltr'><strong>samoe</strong></span> <span class='ocrx_word' id='word_1_386' title='bbox 1120 2493 1295 2541; x_wconf 83' lang='lat' dir='ltr'><strong>defendit,</strong></span> <span class='ocrx_word' id='word_1_387' title='bbox 1334 2492 1495 2529; x_wconf 88' lang='lat' dir='ltr'><strong>addens:</strong></span> <span class='ocrx_word' id='word_1_388' title='bbox 1525 2491 1614 2530; x_wconf 83' lang='lat' dir='ltr'><strong>”aus</strong></span> 
     </span>
     <span class='ocr_line' id='line_1_45' title="bbox 181 2546 1613 2598; baseline -0.001 -11"><span class='ocrx_word' id='word_1_389' title='bbox 181 2549 340 2587; x_wconf 87' lang='lat' dir='ltr'><strong>welcher</strong></span> <span class='ocrx_word' id='word_1_390' title='bbox 383 2548 490 2586; x_wconf 87' lang='lat' dir='ltr'><strong>stelle</strong></span> <span class='ocrx_word' id='word_1_391' title='bbox 533 2548 761 2586; x_wconf 81' lang='lat' dir='ltr'><strong>namentlich</strong></span> <span class='ocrx_word' id='word_1_392' title='bbox 807 2549 868 2587; x_wconf 89' lang='lat' dir='ltr'><strong>die</strong></span> <span class='ocrx_word' id='word_1_393' title='bbox 906 2546 1200 2598; x_wconf 83' lang='lat' dir='ltr'><strong>Allgemeinheit</strong></span> <span class='ocrx_word' id='word_1_394' title='bbox 1237 2547 1357 2585; x_wconf 87' lang='lat' dir='ltr'><strong>dieses</strong></span> <span class='ocrx_word' id='word_1_395' title='bbox 1394 2546 1613 2585; x_wconf 82' lang='lat' dir='ltr'><strong>Ausdrucks</strong></span> 
     </span>
     <span class='ocr_line' id='line_1_46' title="bbox 181 2601 1615 2654; baseline -0.001 -12"><span class='ocrx_word' id='word_1_396' title='bbox 181 2605 220 2643; x_wconf 92' lang='lat' dir='ltr'><strong>in</strong></span> <span class='ocrx_word' id='word_1_397' title='bbox 252 2604 336 2643; x_wconf 90' lang='lat' dir='ltr'><strong>dem</strong></span> <span class='ocrx_word' id='word_1_398' title='bbox 366 2604 520 2643; x_wconf 85' lang='lat' dir='ltr'><strong>zweiten</strong></span> <span class='ocrx_word' id='word_1_399' title='bbox 550 2604 806 2643; x_wconf 83' lang='lat' dir='ltr'><strong>Jahrhundert</strong></span> <span class='ocrx_word' id='word_1_400' title='bbox 836 2603 1071 2654; x_wconf 79' lang='lat' dir='ltr'><strong>hervorgeht,</strong></span> <span class='ocrx_word' id='word_1_401' title='bbox 1095 2602 1177 2640; x_wconf 85' lang='lat' dir='ltr'><strong>weil</strong></span> <span class='ocrx_word' id='word_1_402' title='bbox 1206 2602 1288 2641; x_wconf 84' lang='lat' dir='ltr'><strong>eine</strong></span> <span class='ocrx_word' id='word_1_403' title='bbox 1312 2615 1358 2641; x_wconf 89' lang='lat' dir='ltr'><strong>an</strong></span> <span class='ocrx_word' id='word_1_404' title='bbox 1383 2602 1462 2641; x_wconf 87' lang='lat' dir='ltr'><strong>sich</strong></span> <span class='ocrx_word' id='word_1_405' title='bbox 1486 2601 1615 2641; x_wconf 77' lang='lat' dir='ltr'><strong>friiher</strong></span> 
     </span>
    </p>
   </div>
  </div>
 </body>
</html>
