1852 3211
300 197 327 240 6

227 309 414 366 quodam
454 324 478 351 a
516 308 732 350 Ruodolfo
771 307 977 349 Fuldensi
1007 306 1215 348 monacho
1245 320 1358 348 nono
1377 303 1530 347 saeculo
1551 317 1656 344 con-

229 379 403 434 scripto,
440 378 482 419 in
519 391 602 432 quo
637 376 748 418 libro
785 375 1038 424 Ruodolfus,
1076 389 1206 430 quum
1238 375 1289 415 de
1319 372 1540 415 Saxonum
1562 386 1657 413 mo-

229 444 346 488 ribus
399 453 439 487 et
494 444 699 486 institutis
753 444 950 499 loquitur,
1001 443 1086 484 suis
1124 442 1265 483 verbis
1301 442 1520 488 immiscet,
1558 454 1657 494 quae

227 511 417 560 Tacitus,
457 509 605 554 Germ.
644 508 748 567 Cap.
792 510 832 552 4.
874 512 914 553 9.
959 508 1030 551 40.
1079 509 1145 552 Μ.
1182 510 1235 551 de
1273 507 1504 552 Germanis
1551 508 1656 550 uni—

229 579 362 623 versis
388 578 531 622 tradit.
568 578 634 621 De
662 593 746 634 quo
773 577 920 620 codice
949 578 1198 634 ceteroquin
1227 576 1332 617 nihil
1361 577 1556 617 auditum
1576 583 1653 617 est.

364 645 541 689 Constat
581 654 721 689 autem
759 648 909 688 saeculo
947 647 1111 688 decimo
1151 646 1300 701 quinto
1327 645 1547 700 exemplar
1575 645 1652 684 ali-

230 716 345 771 quod
383 715 511 770 hujus
550 715 645 757 libri
682 714 734 756 ab
773 714 893 757 Enoc
931 712 1167 761 Asculano,
1203 713 1277 769 qui
1313 714 1355 753 in
1393 710 1581 754 Galliam
1612 719 1653 754 et

230 781 506 826 Germaniam
562 783 763 825 librorum
819 783 1207 837 conquirendorum
1263 796 1389 824 causa
1435 781 1653 836 profectus

230 860 334 900 erat,
370 852 411 891 in
450 851 616 892 Italiam
656 852 854 898 delatum,
892 861 933 892 et
969 867 991 892 a
1030 850 1240 897 pontano,
1271 849 1516 891 doctissimo
1538 863 1651 903 quo-

229 919 327 958 dam
367 918 456 958 viro
494 919 534 957 in
576 918 754 959 Umbria
792 928 893 958 nato
934 927 974 958 et
1021 928 1169 973 postea
1214 925 1493 971 procuratore
1531 916 1653 970 regni

228 985 517 1040 Neapolitani,
570 1001 606 1025 a.
669 985 789 1025 4460
845 987 1101 1041 exscriptum
1156 999 1262 1026 esse.
1333 985 1535 1026 Testatur
1572 984 1652 1024 hoc

227 1052 445 1107 inscriptio
482 1053 676 1107 quaedam
714 1053 870 1093 codicis
901 1068 925 1092 a
964 1053 1164 1094 Pontano
1203 1053 1353 1100 relicti,
1391 1053 1464 1108 qui
1502 1052 1651 1099 codex,

227 1120 294 1162 vel
329 1119 565 1167 Pontanus,
604 1121 669 1161 vel
708 1119 1016 1161 Perizonianus
1057 1121 1122 1162 vel
1148 1120 1373 1163 Leislensis
1393 1121 1652 1176 appellatus,

226 1187 413 1229 continet
440 1196 592 1242 praeter
630 1185 907 1230 Germaniam
954 1187 1182 1245 Dialogum
1222 1189 1273 1230 de
1311 1187 1568 1231 Oratoribus
1608 1199 1650 1230 et

225 1252 416 1295 Suetonii
445 1254 497 1294 de
523 1255 624 1295 viris
646 1255 880 1296 illustribus
902 1254 1106 1297 libellum.
1144 1256 1405 1312 Inscriptum
1434 1264 1497 1298 est
1517 1257 1650 1297 enim:

222 1320 310 1375 Hos
339 1321 487 1375 libellos
507 1322 703 1376 jouianus
728 1326 930 1378 pontanus
956 1324 1168 1378 eoescripsit
1192 1339 1324 1380 nuper
1350 1321 1353 1356 ¹
1399 1323 1462 1366 M.
1475 1321 1633 1366 CCCC

221 1385 423 1443 adinvetos
453 1396 487 1429 et
522 1389 563 1429 in
594 1388 676 1430 luc}
720 1389 863 1441 relatos
898 1390 948 1431 ab
990 1390 1105 1431 Enoc
1141 1391 1322 1446 asculano
1469 1390 1561 1432 LX

221 1453 385 1511 quaqua
420 1456 509 1510 [atis
538 1458 745 1510 mendosos.
1381 1460 1534 1500 martio
1558 1458 1650 1502 mse

219 1553 610 1565 .........
654 1525 915 1581 Temporibus
954 1527 1059 1567 enim
1102 1526 1237 1567 Nicol.
1284 1528 1431 1583 quinti,
1480 1527 1655 1587 p5tzflcis

592 1586 606 1607 E

218 1619 391 1657 maoeimi
424 1619 538 1659 Enoc
574 1620 795 1673 Aj'eulanup'
826 1623 869 1660 in
906 1620 1086 1662 Galliam
1121 1630 1157 1662 et
1191 1624 1286 1663 inde
1312 1624 1356 1663 in
1381 1622 1650 1666 Germaniam

209 1683 417 1740 prefectus
447 1687 813 1742 conquirendorum
849 1687 1046 1730 librorum
1078 1690 1215 1744 qratia
1247 1689 1317 1744 hos
1339 1688 1505 1747 quaqua
1530 1708 1648 1735 men-

215 1752 325 1807 dosos
355 1760 390 1792 et
425 1753 678 1810 imperfectos
708 1756 763 1794 ad
799 1760 868 1806 nos
899 1756 1048 1797 retulit.

350 1818 552 1870 Ritterus,
589 1838 613 1863 a
651 1838 736 1877 quo
779 1823 868 1865 haec
912 1826 1185 1880 sumpsimus,
1242 1837 1384 1867 censet
1439 1826 1645 1870 Asculani

214 1888 430 1942 exemplar
475 1889 584 1930 idem
640 1891 768 1932 fuisse
815 1901 944 1946 atque
981 1892 1100 1941 illud,
1140 1894 1255 1948 quod
1294 1894 1540 1937 Ruodolfus
1577 1897 1645 1938 le—

214 1955 448 2004 etitaverat,
487 1965 528 1998 et
565 1973 723 2007 omnes,
762 1959 832 2014 qui
879 1969 1062 2008 exstant,
1109 1962 1293 2012 codices,
1339 1971 1519 2019 excepto
1566 1964 1648 2005 Va-

212 2022 343 2063 ticano
378 2024 502 2073 1862,
548 2039 601 2067 ex
646 2024 752 2068 Cod.
800 2027 935 2069 Periz.
974 2029 1210 2085 descriptos
1249 2045 1352 2072 esse.
1425 2031 1644 2075 Moslerus

214 2097 366 2138 autem,
403 2092 522 2146 cujus
566 2093 733 2149 inspexi
780 2094 951 2144 librum,
1007 2097 1078 2151 qui
1133 2097 1380 2141 inscribitur
1436 2098 1647 2142 Cornelius

216 2157 378 2198 Tacitus
413 2159 510 2201 u'ber
545 2161 610 2202 die
655 2162 922 2219 Weltstelluny
957 2179 1032 2205 von
1058 2162 1318 2216 Germanum
1352 2182 1437 2210 non
1477 2174 1641 2210 tantam

187 2225 344 2267 codici
382 2225 518 2269 Periz.
556 2228 702 2271 tribuit
739 2232 1053 2281 auctoritatem3
1087 2233 1253 2287 judicat
1280 2246 1430 2278 contra
1458 2247 1499 2278 et
1528 2235 1643 2280 hunc

210 2292 399 2335 codicem
437 2302 479 2337 et
516 2311 600 2345 eos,
639 2297 711 2352 qui
749 2298 784 2340 ei
824 2299 1026 2342 simillimi
1056 2311 1171 2351 sunt,
1198 2317 1250 2345 ex
1273 2303 1467 2359 pluribus
1488 2319 1643 2360 quem-

210 2373 293 2414 que
348 2361 535 2405 fontibus
589 2364 767 2408 haustos
812 2381 915 2408 esse.
987 2366 1125 2423 Cujus
1168 2362 1343 2425 quidem
1392 2373 1452 2414 rei
1508 2374 1643 2415 docu-

210 2436 352 2471 mento
406 2437 525 2485 putat
579 2447 671 2475 esse
726 2434 917 2490 duplices
960 2437 1212 2492 scripturas,
1250 2454 1344 2494 quae
1379 2440 1422 2482 in
1459 2440 1509 2483 iis
1549 2441 1640 2483 fre-

209 2506 498 2550 quentlssimae
532 2499 629 2540 sint.

410 2564 682 2610 Editionibus
721 2586 819 2611 usus
857 2586 972 2612 sum:

345 2631 541 2688 Ruperti.
614 2635 887 2680 Hannoverae
927 2638 1360 2686 MDCCCXXXII.

342 2697 608 2757 Kiesslingii.
680 2703 838 2761 Lipsiae
875 2705 1308 2752 MDCCCXXXII.

345 2764 576 2811 Gerlachii.
648 2771 775 2813 Base}
821 2772 960 2815 11837.
