1852 3211
298 177 359 219 26

227 289 331 327 tione
361 287 399 326 id
429 285 710 325 incommodum
743 297 903 329 manere,
934 283 1034 335 quod
1065 295 1139 321 non
1170 287 1227 321 est
1256 282 1440 326 additum,
1472 281 1661 320 cuifuerit

228 358 291 383 ara
321 344 386 382 illa
415 344 462 382 ab
493 343 603 381 Ulixe
634 339 861 380 consecrata.
919 342 968 377 At
1003 353 1080 377 voc.
1111 353 1328 378 consecrare
1356 351 1456 389 saepe
1486 337 1659 376 absolute

227 400 391 451 ponitur.
450 399 557 436 Conf.
602 398 698 436 iufra
743 398 833 448 Cap.
875 401 908 434 9.
939 397 1039 433 lucos
1070 408 1114 433 ac
1142 409 1290 434 nemora
1320 401 1547 433 consecrant.
1578 394 1660 431 Liv.

227 456 259 494 I.
294 461 355 492 44.
387 484 395 492 .
426 482 435 491 .
467 456 579 497 locus,
616 467 719 503 quem
762 455 799 491 in
844 452 1041 491 condendis
1083 452 1233 489 urbibus
1278 452 1462 501 quondam
1489 451 1662 495 Etrusci,

226 524 301 560 qua
329 523 470 546 murum
498 510 649 545 ducturi
677 515 795 552 erant,
826 510 935 545 certis
966 510 1067 545 circa
1105 509 1265 544 terminis
1308 509 1531 555 inauyurato
1575 518 1661 543 con-

225 565 430 603 secrabant.
490 564 675 601 Praeterea
711 563 774 600 vix
806 562 896 599 mihi
930 562 1076 599 videtur
1106 574 1229 611 operae
1259 562 1420 611 pretium
1454 575 1532 599 esse
1564 561 1660 598 mul-

226 627 307 658 tum
352 620 389 657 in
435 619 503 657 hac
546 632 584 656 re
628 618 891 668 investiganda
933 616 1082 661 versari,
1121 629 1233 667 quum
1266 620 1346 653 tota
1377 617 1543 654 narratio
1575 617 1661 654 ficta

228 677 399 715 videatur
429 688 519 712 esse.
578 674 754 712 Fortasse
784 673 896 711 etiam
928 673 1013 710 Tac.
1045 672 1218 710 consulto
1249 671 1282 709 h.
1308 671 1331 709 l.
1356 672 1532 722 ambigue
1552 672 1660 717 dixit,

227 733 325 783 quia,
358 744 442 782 quae
473 731 518 768 de
548 731 617 768 hoc
650 730 922 768 Germanorum
954 729 1063 767 Ulixe
1089 728 1225 766 tradita
1250 733 1453 778 acceperat,
1479 741 1552 765 non
1571 728 1661 765 satis

231 788 302 826 sibi
334 792 504 825 constare
535 786 762 823 viderentur.

339 849 636 891 monumentaque
666 848 700 879 et
731 842 904 878 tumulos.-
936 840 1041 877 Conf.
1072 852 1156 876 aun.
1191 840 1248 877 ad.
1282 839 1371 890 Cap.
1403 840 1433 876 I.
1472 840 1662 890 Raetisque

228 906 263 936 et
290 900 507 937 Pannoniis.

340 954 483 992 Graecz's
514 955 630 990 literis
660 954 878 1002 inscriptos:
937 951 1087 988 Graecas
1130 950 1258 988 literas
1289 951 1326 988 in
1357 950 1414 989 his
1445 951 1662 1000 regionibus

228 1010 400 1059 cognitas
447 1015 483 1045 et
528 1008 715 1045 interdum
748 1014 946 1057 usurpatas
977 1007 1089 1045 fuisse
1120 1006 1236 1044 tradit
1267 1007 1379 1044 etiarn
1412 1007 1538 1044 Caesar
1567 1006 1661 1045 B.G.

227 1066 259 1102 Ι.
290 1070 354 1102 29.
398 1066 444 1101 In
476 1066 621 1102 Castris
652 1065 901 1101 Helvetiorum
935 1064 1066 1100 tabuloe
1096 1070 1255 1112 repertoe
1277 1070 1363 1100 sunt
1386 1065 1501 1101 literis
1519 1063 1662 1102 Groecis

227 1122 409 1169 confectoe.
469 1119 566 1156 Ibid.
600 1119 666 1155 VI.
705 1123 762 1155 14.
795 1118 857 1154 ubi
889 1118 1046 1155 Druidae
1078 1119 1254 1155 dicuntur
1298 1118 1335 1154 in
1383 1118 1543 1168 publicis
1589 1119 1662 1169 pri-

230 1176 396 1224 vatisque
443 1175 650 1211 rationibus
695 1173 836 1210 Graecis
881 1173 1000 1210 literis
1046 1174 1111 1209 uti.
1175 1173 1286 1210 Hunc
1328 1173 1519 1210 literarum
1555 1174 1662 1210 Grae·

226 1244 349 1268 carum
398 1243 503 1267 usum
555 1233 773 1279 acceperant
824 1228 981 1265 fortasse
1035 1228 1134 1265 Galli
1180 1242 1199 1265 a
1245 1229 1551 1272 Phocaeensibus,
1598 1229 1663 1279 qui

225 1286 433 1324 Massiliam
480 1285 663 1322 coloniam
711 1285 955 1321 ‹le‹li1xe1·.ant
1014 1284 1120 1322 Conf
1166 1284 1288 1323 Strab.
1335 1284 1402 1322 IV.
1441 1289 1472 1323 1.
1507 1290 1542 1322 4.
1574 1298 1661 1335 pag.

227 1347 318 1379 )9ι.
351 1343 408 1378 ed.
440 1346 525 1379 ster.
560 1337 832 1407 φιλέλληνας
862 1337 1161 1381 κατεσκεὺασε
1192 1334 1231 1393 (ἡ
1264 1336 1530 1382 Μασσαλία)
1523 1337 1663 1390 )τοὺς

225 1391 432 1446 Γαλάτας
476 1392 588 1437 ὥστε
633 1393 710 1437 καὶ
752 1392 807 1437 τὰ
853 1390 1109 1447 συμβόλαια
1149 1390 1408 1448 εΕλληνιστὶ
1454 1391 1659 1453 γράφειν.

227 1454 322 1490 Vide
354 1453 490 1489 Kiessl
523 1453 566 1488 ad
603 1452 636 1488 h
671 1452 692 1489 1,
727 1457 763 1489 et
793 1452 949 1488 Kra.11e1
983 1452 1028 1488 ad
1063 1452 1155 1489 Coes.
1188 1452 1282 1489 Rs}
1318 1452 1348 1488 Ι.
1381 1458 1443 1489 29.

335 1509 455 1546 demat
497 1510 553 1545 vel
597 1509 716 1545 addat
748 1509 883 1556 fidem:
945 1507 1014 1544 Hae
1059 1508 1267 1545 locutiones
1308 1508 1481 1545 videntur
1514 1510 1662 1559 proprie

225 1564 321 1601 idem
354 1564 575 1611 significare,
607 1568 717 1613 atque
756 1565 903 1610 efficere,
935 1570 975 1599 ut
1005 1565 1134 1611 aliqua
1166 1577 1225 1600 res
1250 1565 1332 1600 aliis
1348 1565 1663 1614 homim'busfalsa

224 1626 290 1656 aut
319 1632 407 1655 vera
437 1619 621 1662 videatur,
652 1631 725 1668 quo
757 1619 907 1668 quidem
940 1631 1049 1654 sensu
1081 1623 1279 1668 usurpatas
1310 1632 1371 1656 eas
1403 1619 1528 1656 inveni
1560 1619 1661 1657 Hist.

225 1675 277 1713 ΙΙ.
312 1680 372 1711 50.
436 1675 487 1713 Ue
516 1677 731 1724 conquirere
750 1675 928 1723 fabulosa
960 1680 994 1710 et
1013 1675 1116 1723 fictis
1147 1676 1330 1712 oblectare
1360 1676 1551 1724 leyentium
1581 1678 1663 1713 ani—

223 1745 298 1768 mos
339 1732 475 1780 procul
513 1733 700 1779 yravitate
745 1734 854 1780 coeptae'
897 1732 1018 1779 operis
1049 1731 1279 1775 crediderim,
1309 1733 1362 1768 ita
1391 1733 1551 1780 vulgatis
1583 1739 1663 1770 tra-

223 1788 380 1836 ditisque
423 1787 563 1823 demere
583 1787 697 1834 fidem
735 1799 805 1823 non
837 1789 963 1823 nasim.
996 1786 1078 1823 Liv.
1110 1787 1140 1823 I.
1179 1791 1236 1823 16.
1271 1792 1304 1824 5.
1366 1788 1525 1826 Consilio
1555 1790 1663 1825 unius

223 1845 371 1880 hominis
403 1843 533 1879 addita
566 1845 619 1879 rei
648 1843 785 1879 dicitur
804 1843 914 1890 fides.
947 1842 1051 1878 Idem
1087 1842 1138 1879 II.
1175 1848 1234 1879 24.
1269 1846 1303 1881 6.
1337 1844 1507 1881 Uontz'om'
1534 1844 1664 1882 deinde

224 1899 340 1936 edicto
384 1896 533 1935 addidit
565 1899 691 1946 fidem,
736 1911 807 1946 quo
844 1899 958 1935 edbrit
988 1926 995 1932 .
1029 1926 1037 1934 .
1070 1929 1076 1935 .
1112 1898 1196 1935 Hoc
1226 1898 1307 1935 loco
1340 1904 1463 1935 autem
1497 1899 1661 1944 Tacitus‚

225 1957 423 2004 postquam
457 1954 609 2002 negavit
642 1967 678 1990 se
709 1953 745 1990 id
781 1955 977 1994 facturum,
1009 1953 1153 1990 dicens:
1185 1967 1267 2003 quae
1296 1967 1410 2004 neque
1440 1957 1664 2004 arqumentis

223 2011 437 2058 confirmare
466 2023 580 2059 neque
610 2011 776 2058 refellere
806 2011 842 2045 in
873 2012 990 2046 animo
1022 2016 1087 2054 est,
1122 2009 1269 2046 vid‹·tur
1292 2010 1509 2060 permittere
1535 2011 1662 2061 legen·

222 2066 316 2102 tium
351 2078 417 2114 pro
447 2078 484 2102 se
516 2066 660 2115 cuique,
690 2070 802 2115 prout
833 2065 990 2115 quisque
1022 2065 1068 2102 ad
1112 2065 1337 2103 credendum
1380 2073 1445 2103 aut
1483 2066 1663 2104 dubitan-

224 2122 312 2158 dum
345 2120 513 2165 inclinat,
546 2127 585 2158 ut
616 2121 770 2171 deroget
802 2121 859 2158 vel
890 2121 1032 2158 tribuat
1064 2122 1114 2158 rei
1140 2122 1264 2159 fidem.
1296 2122 1423 2161 Quum
1452 2122 1519 2160 hac
1536 2128 1661 2160 tamen

222 2178 259 2214 in
291 2190 329 2213 re
360 2177 418 2214 his
449 2177 702 2214 locutionibus
734 2177 864 2221 utitur,
898 2178 1037 2214 idcirco
1069 2177 1106 2213 id
1138 2178 1287 2228 quidem
1330 2179 1487 2216 fortasse
1520 2180 1660 2216 factum

223 2237 289 2277 est,
337 2233 434 2282 quod
483 2233 594 2270 simul
640 2232 836 2281 cogitaret,
881 2239 992 2283 prout
1030 2234 1081 2270 rei
1113 2246 1133 2270 a
1164 2234 1323 2283 singulis
1354 2235 1567 2272 crederetur
1598 2242 1663 2271 aut

222 2301 296 2325 non
342 2289 563 2332 crederetur,
609 2289 660 2325 ita
698 2288 811 2325 etiam
844 2290 1010 2326 futurum
1043 2302 1134 2334 esse,
1167 2296 1208 2326 ut
1239 2290 1331 2327 fides
1362 2289 1527 2339 ejusdem
1561 2290 1660 2341 apud

221 2344 314 2381 alios
344 2349 409 2381 aut
440 2349 649 2393 augeretur,
681 2349 745 2380 aut
777 2344 1016 2381 minueretur.

819 2502 936 2551 CAP.
973 2504 1057 2552 IV.

334 2618 478 2650 accedo:
526 2614 594 2651 hac
632 2615 909 2664 significatione
939 2620 1160 2665 usurpatum
1201 2615 1445 2665 conjungitur
1476 2627 1508 2650 ν.
1540 2618 1664 2651 accedo

224 2667 280 2704 vel
311 2681 394 2706 cum
425 2673 472 2706 ad
501 2676 680 2721 sequente
709 2676 922 2715 accusativo,
955 2671 1010 2708 vel
1036 2683 1120 2709 eum
1146 2675 1264 2709 dativo
1273 2690 1288 2719 ,·
1310 2671 1340 2709 si
1358 2670 1527 2721 sequitur
1542 2669 1662 2709 subst.
