1852 3211
312 210 372 252 29

241 321 348 360 facile
378 320 536 358 transire
567 323 705 369 posset,
736 317 946 368 significare
976 322 1151 355 coeleseem.
1213 314 1308 351 Vide
1340 312 1454 351 Orell.
1495 311 1540 350 ad
1573 311 1676 351 hunc

243 377 367 414 locum
397 389 533 412 eoecurs.
565 377 591 412 1.

353 434 567 479 Jnyoevones:
613 430 744 468 harum
782 428 949 478 gentium
991 439 1082 477 quas
1113 427 1285 464 nationes
1315 437 1471 477 quaeque
1503 435 1675 473 compre-

241 486 414 523 henderit
452 498 581 534 parum
620 490 851 534 compertum
884 489 951 520 est.
1012 484 1210 528 lnyoevones
1240 487 1363 519 autem
1396 484 1577 532 putantur
1607 478 1675 517 ha-

242 541 378 579 bitasse
415 540 510 578 inter
547 539 722 577 Rhenum
760 539 836 576 fere
867 544 901 575 et
934 537 1093 575 Viadum
1127 536 1291 579 flumina,
1323 538 1509 587 praecipue
1540 535 1578 571 in
1610 546 1675 571 ora

241 598 441 634 maritima.
502 598 725 632 Herminones
753 595 790 631 in
813 593 1054 631 interioribus
1079 592 1293 630 Germaniae
1315 593 1532 642 regionibus
1556 602 1674 640 usque

243 651 290 689 ad
325 650 542 689 Danubium
594 652 777 687 Istoevones
816 649 912 686 int-er
948 647 1111 685 Viadum
1150 648 1226 685 fere
1255 652 1291 684 et
1321 647 1523 684 Vistulam.
1583 646 1674 683 Vid.

244 708 404 752 Liibker,
449 709 671 744 Realleoeicon
715 710 772 743 des
815 706 923 742 Class.
996 706 1203 741 Alcerthnms
1240 707 1276 740 et
1315 702 1505 752 Forbiger.
1570 703 1675 740 Orbis

244 772 420 801 terrarum
450 769 624 810 antiquus.

355 821 504 865 Quidum
626 823 826 865 affirmant:
858 832 877 855 a
909 817 1114 854 carminum
1150 814 1401 853 monumentis
1439 815 1575 852 transit
1607 827 1675 852 au-

245 882 325 912 ctor
355 877 400 912 ad
432 888 490 917 en,
521 888 604 924 quae
642 887 762 911 rerum
804 874 1002 923 scriptores
1040 872 1285 915 tradiderunt,
1329 884 1486 921 quorum
1520 871 1672 921 quidem

245 930 441 967 sententiae
472 943 587 979 usque
618 929 662 966 ad
696 930 803 965 finem
838 929 927 978 Cap.
963 932 982 964 3
1016 930 1236 963 reseruntur.

355 993 391 1022 ue
429 990 462 1021 in
495 989 629 1021 licentia
663 989 842 1020 vetustatis
862 1000 906 1014 :2
928 991 963 1019 ut
993 987 1028 1018 in
1059 987 1194 1018 licentia
1224 986 1406 1020 vetustatis
1440 987 1517 1029 fieri
1543 986 1670 1028 potuit.

244 1040 430 1078 Particula
469 1049 504 1076 ut
540 1040 686 1077 videtur
726 1040 761 1077 h.
802 1039 824 1077 l.
865 1038 1001 1076 causali
1040 1037 1202 1087 quodam
1235 1051 1346 1076 sensu
1384 1038 1671 1088 explicationem

241 1096 294 1133 rei
338 1096 536 1133 continere.
608 1095 693 1132 Alio
733 1095 843 1131 modo
882 1098 1080 1143 usurpatur
1110 1093 1188 1130 haec
1220 1094 1403 1143 particula
1434 1095 1470 1129 in
1503 1094 1578 1131 Cic.
1611 1094 1675 1131 Se-

242 1157 337 1189 nect.
371 1159 404 1188 4.
438 1157 497 1189 12.
558 1152 673 1187 ΜιιΙΙω
701 1156 818 1196 etiam,
848 1158 883 1186 ut
920 1153 957 1187 in
994 1153 1127 1185 homine
1166 1151 1334 1189 Romano.
1365 1148 1492 1195 literag
1525 1148 1587 1186 ubi
1620 1161 1675 1186 re-

242 1207 450 1256 stringendi
495 1206 681 1256 quandam
728 1206 802 1242 vim
841 1205 964 1241 habet.
1037 1205 1144 1242 Conf.
1177 1205 1304 1242 Kiihn.
1335 1205 1381 1242 ad
1413 1205 1489 1243 Cic.
1522 1205 1671 1243 Tuscul.

240 1263 270 1300 I.
317 1267 351 1300 8.
387 1266 446 1301 15.
480 1267 516 1299 et
547 1261 799 1310 N'figelsbach.
832 1261 915 1298 Lat.
948 1260 1029 1298 Stil.
1062 1260 1105 1296 etl
1153 1263 1186 1297 3.
1219 1274 1302 1311 pag-
1341 1265 1427 1298 110.

352 1323 405 1354 in:
436 1320 481 1354 de
514 1317 579 1355 hac
611 1317 720 1366 hujus
758 1317 951 1366 particulae
983 1316 1256 1365 significatione
1291 1317 1385 1354 vide.
1419 1319 1533 1363 Krziy.
1558 1331 1675 1364 yram.

240 1377 273 1412 d.
306 1376 382 1411 Lat.
414 1374 495 1419 Spr.
527 1376 561 1417 §.
592 1377 671 1409 384.
702 1387 759 1408 an.
791 1378 821 1409 3.
853 1377 883 1409 3.
914 1386 947 1407 (1.

350 1434 646 1475 nationis-yemis.-
685 1428 763 1465 haec
803 1427 981 1464 vocabula
1020 1427 1054 1464 h.
1095 1427 1117 1463 l.
1148 1427 1200 1463 ita
1232 1426 1476 1475 intelligenda
1508 1441 1599 1472 esse,
1632 1433 1676 1465 ut

240 1489 337 1521 natio
381 1484 564 1533 significet.
603 1490 744 1534 partem
777 1483 912 1532 gentis,
946 1483 1027 1533 ipsa
1059 1482 1245 1519 sententia
1276 1482 1427 1520 indicat.
1495 1484 1671 1521 Ceterum

240 1540 297 1577 his
344 1540 494 1577 vocibus
538 1540 746 1589 promiscue
792 1539 962 1576 Tacitum
1004 1539 1070 1582 uti,
1109 1538 1237 1575 multis
1277 1537 1365 1575 locis
1405 1539 1516 1589 hujus
1555 1540 1673 1577 libelli

239 1603 404 1646 apparet.
465 1595 571 1633 Conf.
604 1596 692 1645 (lap.
729 1601 761 1631 4.
805 1599 861 1631 10.
898 1599 957 1632 14.
996 1599 1053 1631 15.
1093 1598 1149 1631 19.
1185 1599 1244 1630 25.
1278 1594 1423 1644 aliaque
1455 1595 1586 1633 multa.

350 1665 371 1687 a
395 1656 539 1687 victore:
569 1650 753 1688 Quamvis
785 1664 899 1701 prope
926 1650 1047 1687 nescio
1064 1650 1152 1700 quid
1181 1649 1249 1686 hoc
1273 1649 1418 1688 deloco
1448 1651 1674 1689 difficillimo

238 1707 376 1744 sentire
414 1707 581 1752 debeam,
626 1713 750 1743 tamen
789 1706 972 1744 afferenda
1014 1707 1109 1743 ratio
1148 1710 1216 1751 est,
1263 1714 1413 1755 propter
1443 1720 1552 1756 quam
1587 1721 1671 1745 cum

236 1762 467 1811 Kiesslingio
506 1766 542 1799 et
579 1762 720 1799 Rothio
757 1776 776 1799 a
808 1762 1007 1806 sententia,
1054 1774 1165 1811 quam
1197 1761 1405 1799 defendunt
1437 1763 1674 1809 Gerlacffius,

237 1818 413 1863 Orellius,
462 1818 627 1854 Ritterus
674 1824 709 1854 et
755 1818 818 1854 alii
857 1818 1079 1867 complures,
1121 1817 1286 1854 abierim.
1362 1818 1526 1855 Censent
1571 1819 1671 1856 enim

235 1873 291 1910 illi
323 1873 506 1911 vocabulo
539 1874 675 1910 victore
703 1873 903 1922 significari
932 1876 1106 1920 'I'miqros3
1132 1874 1193 1910 scd
1221 1873 1313 1910 mihi
1338 1874 1485 1924 quidem
1506 1875 1669 1925 primum

235 1929 478 1979 quaerendum
513 1929 671 1975 videtur,
704 1942 792 1967 num
827 1929 1026 1966 verisimile
1058 1929 1119 1975 sit,
1151 1929 1339 1977 Tungros,
1363 1930 1394 1966 si
1422 1943 1556 1968 nomen
1576 1931 1672 1969 Ger-

235 1997 430 2022 manorum
462 1985 679 2023 habuissent
710 1991 745 2021 et
777 1986 805 2022 si
840 1991 984 2023 tantum
1021 1985 1237 2030 valuissent,
1270 1993 1311 2022 ut
1338 1990 1489 2035 possent
1513 1987 1673 2033 efficere,

234 2044 276 2076 ut
307 2041 458 2077 nomine
489 2041 652 2090 ipsorum
687 2055 817 2078 omnes
843 2041 1103 2078 transrhenani
1128 2041 1255 2091 populi
1281 2053 1410 2091 postea
1437 2048 1672 2089 vocarentur,

233 2108 324 2132 num
370 2096 485 2144 igitur
531 2097 730 2134 verisimile
767 2097 827 2141 sit,
872 2096 973 2146 ipsos
1014 2097 1049 2133 id
1083 2109 1218 2134 nomen
1252 2101 1328 2133 tam
1362 2098 1437 2133 cito
1469 2098 1672 2135 amissuros

233 2150 356 2188 fuisse.
429 2151 474 2188 Id
521 2151 692 2201 equidem
735 2152 795 2189 vix
836 2152 1070 2197 crediderim,
1116 2164 1229 2202 quare
1270 2152 1313 2188 ad
1351 2152 1528 2190 vocabula
1560 2159 1678 2190 vocati

232 2212 312 2249 sint,
357 2220 441 2257 quae
476 2207 589 2258 paulo
626 2208 866 2253 antecedunt,
913 2208 1160 2257 intelligenda
1207 2221 1285 2245 esse
1326 2207 1456 2257 judico
1502 2221 1533 2245 v.
1575 2222 1608 2247 v.
1648 2224 1672 2246 a

233 2265 353 2300 Gallis.
410 2263 556 2300 Deinde
590 2264 737 2301 videtur
769 2264 859 2301 mihi
892 2277 924 2302 v,
957 2278 1074 2301 omnes
1106 2264 1180 2302 h.l.
1201 2264 1251 2301 ita
1285 2264 1450 2302 notionis
1483 2265 1672 2314 primariae

231 2318 304 2354 vim
340 2318 486 2364 habere,
518 2323 558 2355 ut
589 2319 636 2356 ad
669 2333 699 2356 ν.
718 2320 869 2359 victore,
900 2320 998 2370 quod
1018 2321 1199 2370 sequitur,
1218 2319 1505 2369 intelligendum
1525 2321 1574 2359 sit
1591 2334 1670 2359 voc.

230 2387 303 2410 suo.
364 2374 401 2411 Si
442 2374 520 2411 haec
558 2387 643 2411 vera
674 2382 773 2421 sunt,
813 2380 904 2424 puto
937 2378 1110 2412 Romanos
1141 2376 1344 2424 significari
1378 2388 1408 2409 v.
1443 2376 1595 2422 victore,
1635 2382 1672 2414 et

229 2442 307 2466 rem
347 2429 415 2467 hoc
453 2431 526 2467 fere
563 2431 674 2467 modo
712 2431 886 2481 expedire
926 2431 1054 2467 velim:
1106 2432 1154 2468 Ea
1197 2444 1282 2480 pars
1312 2432 1671 2470 transrhenanorum

233 2484 468 2533 populorum,
513 2484 631 2522 Celtae
681 2485 735 2522 illi
766 2486 918 2535 quidem
951 2499 1056 2536 aeque
1095 2499 1136 2523 ac
1174 2487 1274 2523 Galli
1305 2484 1426 2536 ipsi¹),
1465 2488 1529 2536 qui
1560 2488 1672 2538 primi

281 2581 289 2600 1

292 2584 303 2623 )
322 2584 438 2661 ῗιῗιῗιξν
456 2581 1039 2684 ἐξονὲνΡὲἕῦῐῗΙῗαῇᾱβώῗέἳξιῗῐ
1045 2587 1153 2683 ”1⁶:325
1164 2583 1290 2663 αὶὸτῗῦΘν
1320 2581 1673 2664 ῐέἐλὶἓέλιξῖαζνπὲἑ

322 2672 397 2705 τῶν
432 2674 542 2726 μέχρι
574 2674 644 2708 νῦν
679 2670 954 2718 συμμενόντων
993 2671 1095 2727 παρὰ
1126 2677 1202 2713 τοῖς
1239 2676 1452 2722 Γερμανοῖς
1478 2676 1669 2729 νομίμων.

320 2717 383 2750 καὶ
417 2714 491 2763 γὰρ
527 2719 568 2765 τῇ
600 2712 713 2764 φύσει
745 2720 806 2753 καὶ
837 2722 914 2758 τοῖς
943 2713 1214 2765 πολιτεύμασιν
1245 2718 1423 2766 ἒαᾳερεῖς
1448 2720 1542 2755 εἷσον
1566 2712 1671 2755 οὗτοι
