1852 3211
1517 166 1579 210 23

223 276 394 315 Rhenum
441 279 661 327 transgressi
699 284 798 325 sunt,
842 279 1139 330 appellabantur,
1178 278 1247 317 etsi
1285 278 1349 316 alii
1384 278 1457 317 alia
1480 277 1649 317 ‘nomina

223 332 451 378 haberent2),
497 347 516 370 a
560 334 679 370 Gallis
717 335 904 371 communi
944 335 1071 384 aliquo
1110 334 1345 383 cognomine,
1389 347 1463 384 quo
1503 333 1648 372 facilius

222 387 542 437 distinguerentur
586 388 632 425 ab
677 388 758 425 aliis
789 389 948 439 populis,
980 389 1198 440 quibuscum
1230 389 1327 426 intra
1357 389 1520 426 Galliam
1546 388 1648 427 Galli

222 443 319 480 bella
363 449 545 492 gererent.
612 445 735 494 Atque
775 444 844 482 hoc
881 458 1100 495 cognomen,
1144 444 1220 481 sive
1258 444 1401 483 Gallica
1434 444 1563 495 lingua
1594 444 1648 483 ita

221 510 371 548 prorsus
411 499 548 544 sonuit,
593 500 668 535 sive
707 499 827 544 aliter,
868 513 885 536 a
924 500 1105 537 Romanis
1143 506 1238 537 certe
1270 501 1449 538 vocabulo
1479 502 1651 537 Germani

223 552 409 590 redditum
441 559 507 592 est.
554 554 639 594 Qua
662 554 707 591 de
732 567 838 592 causa
857 556 907 593 ita
925 555 1211 606 appellarentur,
1243 555 1338 593 haud
1362 555 1645 601 affirmaverim3

222 608 285 645 sed
309 610 487 659 suspicari
511 610 630 653 liceat,
656 610 750 647 hanc
775 623 899 647 vocem
933 612 1070 660 aliquid
1097 611 1132 647 in
1159 624 1196 647 se
1221 611 1407 655 habuisse,
1431 624 1504 660 quo
1522 616 1647 660 posset

222 664 437 713 significari,
471 665 536 701 hos
567 664 724 714 populos
756 665 977 712 metuendos
1007 678 1096 702 esse.
1153 664 1253 701 Nam
1286 669 1322 702 et
1352 664 1483 702 Gallos
1513 669 1550 702 et
1568 665 1647 702 Ro-

223 732 352 758 manos
385 721 619 758 vehementer
650 733 712 756 eos
743 725 920 766 metuere,
949 721 1076 758 multis
1093 720 1184 757 locis
1209 720 1245 757 in
1271 719 1429 758 Oaesaris
1446 720 1649 758 Commen-

223 775 327 814 tariis
371 774 572 827 appa1·et.³)
645 775 680 813 J.
719 776 844 813 Caesar
880 776 1010 824 igitur,
1042 776 1104 826 qui
1145 775 1289 812 invenit
1326 780 1412 812 ante
1443 789 1480 812 se
1511 788 1648 812 nomen

222 831 387 881 aliquod,
426 845 499 881 qno
537 832 665 881 populi
702 831 963 868 transrhenani
993 828 1156 869 unirersi
1188 831 1451 881 comprehendi
1485 835 1647 880 possent,

223 887 398 923 utebatur
422 886 548 923 eodem
581 887 618 922 in
650 887 939 924 Commentariis
971 888 1058 924 suis.
1119 888 1174 923 Ac
1198 887 1273 923 fieri
1298 892 1433 936 potest,
1451 888 1538 924 ntis
1555 899 1647 936 prae-

223 941 342 990 cipue,
374 941 471 990 quod
505 946 629 978 censet
658 941 831 986 Bothius,
863 955 881 979 a
914 938 1045 979 Tacito
1075 941 1108 978 h.
1142 942 1164 978 l.
1195 946 1394 991 spectetur,
1440 942 1644 991 praesertim

224 1008 306 1032 cum
344 1008 478 1033 nomen
518 996 788 1033 Germanorum
830 997 990 1046 primum
1029 997 1107 1034 sine
1138 997 1252 1034 dubio
1283 1010 1347 1047 per
1378 997 1558 1035 Caesarem
1594 996 1648 1033 vi-

224 1056 363 1089 ctorem
389 1052 568 1089 Romanis
599 1052 857 1090 innotesceret.
903 1053 941 1090 Si
967 1053 1126 1103 denique
1144 1053 1432 1098 meminerimus,
1458 1052 1647 1089 Romanos

223 1106 350 1153 fuisse,
381 1120 445 1158 per
490 1119 582 1157 quos
613 1108 793 1144 Gallorum
837 1113 872 1145 et
917 1110 1114 1145 Graecorum
1156 1108 1306 1144 nomina
1354 1114 1392 1144 ut
1434 1107 1647 1145 communia

223 1163 370 1200 illarum
402 1164 569 1212 gentium
605 1164 756 1201 nomina
787 1164 822 1200 in
855 1177 960 1201 usum
993 1164 1173 1209 venerint,
1210 1164 1319 1201 etiam
1352 1163 1438 1201 inde
1469 1162 1647 1214 suspicari

225 1218 421 1268 possimus,
455 1231 531 1255 rem
562 1231 640 1255 esse
671 1219 720 1255 ita
752 1225 792 1255 ut
823 1219 986 1256 diximus
1017 1220 1311 1269 intelligendam.

804 1487 919 1537 CAP.
974 1487 1064 1535 111.

335 1622 546 1660 Herculem:
577 1622 612 1659 h.
643 1623 665 1659 l.
692 1622 847 1666 videtur,
874 1628 914 1658 nt.
935 1622 1030 1658 infra
1055 1621 1142 1671 Cap.
1172 1625 1190 1657 9
1212 1620 1450 1665 (Mercurium
1472 1620 1646 1664 Martem)

224 1683 261 1715 et
291 1677 375 1714 aliis
406 1677 495 1715 locis
526 1678 636 1727 hujus
666 1678 762 1722 libri,
794 1678 950 1714 latinum
985 1690 1117 1713 nornen
1153 1690 1216 1725 pro
1249 1676 1405 1712 barbaro
1436 1676 1644 1713 adhibitum

225 1746 314 1770 esse.
361 1733 464 1769 Conf.
500 1734 595 1770 infra
625 1734 713 1782 Cap.
747 1738 795 1771 34
839 1741 873 1771 et
902 1745 1090 1783 superesse
1121 1733 1237 1769 adhuc
1266 1732 1437 1768 Herculis
1462 1732 1647 1768 columnas

314 1842 375 1874 καὶ
405 1845 598 1887 συγγενεῖς
632 1837 815 1886 ἀλλήλοις.
875 1843 966 1875 Idem
998 1842 1069 1874 VII.
1095 1840 1125 1874 1.
1150 1852 1219 1884 pag.
1244 1839 1297 1873 63.
1361 1836 1415 1871 Τὰ
1440 1840 1558 1883 πέραν
1581 1838 1647 1872 τοῦ

314 1881 437 1930 Ρήνου
450 1907 492 1911 -
505 1887 691 1934 Γερμανοὶ
716 1888 902 1930 νέμονται,
927 1882 1068 1935 μικρόνΙ
1083 1879 1363 1924 ἐξαλλάττοντες
1382 1884 1447 1917 τοῦ
1465 1883 1647 1917 Κελτικοῦ

314 1926 438 1976 φύλου
468 1932 517 1976 τῷ
547 1943 586 1966 τε
611 1931 836 1975 πλεονασμῶ
867 1932 929 1974 τῆς
960 1927 1174 1974 ἆγριοτητος
1204 1930 1266 1962 καὶ
1296 1929 1361 1962 τοῦ
1391 1929 1580 1973 μεγέθους
1602 1946 1647 1951 —-

315 1974 373 2010 διὸ
400 1971 527 2010 δίκαιοί
548 1988 615 2021 μοι
640 1975 793 2024 δοκοῦσς
814 1964 998 2020 Ῥωμαῖοι
1016 1975 1126 2008 τοῦτο
1149 1972 1272 2024 (ξῦτοΐς
1290 1975 1430 2025 θέσθᾳι
1449 1972 1489 2007 τὸ
1511 1968 1644 2017 ὄνομα,

315 2019 362 2059 ὡς
398 2017 445 2055 ἂν
481 2023 657 2065 γνησίους
691 2021 857 2058 Γαλατας
881 2014 1036 2066 φράζειν
1059 2019 1295 2063 βουλομενοι.
1333 2027 1482 2062 γνησιοι
1507 2015 1579 2064 γὰρ
1611 2017 1647 2051 οἱ

314 2068 501 2111 Γερμανοὶ
524 2063 616 2098 κατὰ
641 2062 707 2107 τὴν
727 2062 926 2109 “Ρωμαίων
950 2059 1155 2097 διάλεκτον.

270 2133 293 2173 ²)
313 2136 384 2166 Coes.
417 2138 454 2166 Β.
485 2137 520 2165 G.
552 2137 593 2166 II.
624 2137 650 2166 4.
706 2135 892 2171 Condrusos,
919 2135 1091 2167 Eburones,
1117 2133 1281 2169 Coeroesos,
1317 2134 1488 2168 Paemanos,
1512 2134 1563 2171 qui
1587 2142 1648 2161 uno

315 2184 434 2212 nomine
458 2182 605 2212 Germani
629 2181 827 2220 appellantur
851 2178 1036 2216 (indicativa
1060 2177 1155 2219 hujus
1186 2177 1272 2208 verbi
1305 2177 1408 2208 forma
1427 2176 1566 2208 ostendit
1589 2175 1648 2207 hoc

315 2238 332 2258 a
356 2226 481 2258 Caesare
506 2226 649 2257 additum
674 2225 754 2263 esse)
779 2226 933 2255 arbitrari
955 2225 999 2254 ad
1023 2225 1079 2254 XL
1104 2224 1199 2254 milia.

269 2290 293 2331 ³)
316 2296 392 2325 Vide
416 2296 452 2325 Β.
478 2295 514 2325 G.
540 2295 563 2325 I.
588 2296 633 2323 31.
669 2293 730 2324 Sed
754 2292 889 2324 maxime
914 2294 936 2322 I.
964 2294 1010 2321 39.
1048 2290 1136 2329 Cous.
1162 2293 1253 2320 etiam
1275 2291 1407 2341 Appian.
1436 2288 1502 2319 Vol.
1528 2287 1553 2317 I.
1589 2286 1645 2318 lv,

315 2349 386 2382 pag.
409 2336 463 2371 45.
489 2338 536 2371 ed.
562 2340 637 2370 ster.
662 2337 747 2379 Lips.
773 2333 870 2368 1829.
931 2335 1079 2377 Καῖσαρ
1105 2331 1247 2376 ἐνίκησε
1271 2343 1356 2368 τους
1383 2327 1479 2374 μετὰ
1500 2327 1649 2373 'Aptou-

317 2382 445 2415 υιστοῦ
482 2376 706 2424 Γερμανοὺς,
743 2380 782 2412 οἳ
814 2379 875 2412 καὶ
911 2374 955 2411 τὰ
990 2378 1135 2421 μεγέθη
1170 2377 1319 2421 μείζους
1353 2375 1427 2426 uby
1460 2375 1649 2426 μεγίστῳν

316 2423 496 2470 ὑπῆρχον,
521 2425 582 2457 καὶ
606 2421 645 2457 τὸ
671 2419 765 2468 ἦθος
788 2418 811 2457 ἅ
839 2435 916 2468 ριοι
938 2423 1000 2455 καὶ
1023 2420 1089 2473 τὴ]
1112 2415 1256 2472 τόλμα]
1278 2422 1519 2472 θρᾳσυξαιοι.
1567 2420 1647 2469 Ibld.

315 2472 408 2504 XVII
444 2483 514 2514 pag.
550 2468 604 2503 53.
664 2468 748 2506 δέος
784 2435 995 2510 δ’)ἑμπίπτει
1023 2478 1073 2509 τῳ
1097 2474 1241 2510 στρατῳ
1266 2476 1357 2497 κατα
1382 2475 1421 2496 το
1447 2462 1551 2499 κλέος
1574 2473 1649 2495 των

317 2517 349 2548 Γ
418 2515 531 2548 ανῶν.

347 2526 498 2603 ερμθοηχῖ
536 2564 627 2593 eriam
650 2560 741 2600 infra
767 2559 829 2599 Cap
853 2563 890 2590 37
915 2584 941 2590 ..
966 2563 1029 2589 tam
1054 2559 1107 2588 diu
1131 2558 1299 2587 Germania
1323 2557 1456 2586 vincitur
1579 2554 1649 2584 Non

319 2610 442 2640 Samnis
474 2618 535 2638 non
565 2608 658 2637 Poeni
683 2631 689 2637 .
706 2630 711 2636 .
729 2630 735 2635 .
760 2608 870 2645 soepius
902 2605 1101 2635 admonuere:
1137 2604 1247 2643 quippe
1273 2611 1367 2641 rayno
1391 2602 1519 2631 Arsacis
1543 2601 1651 2629 acrior

318 2661 361 2686 est
386 2655 612 2687 Germanorum
635 2652 769 2683 libertas.
